%YAML 1.1
%TAG !u! tag:unity3d.com,2011:
--- !u!1 &1530201545
GameObject:
  m_ObjectHideFlags: 0
  m_CorrespondingSourceObject: {fileID: 0}
  m_PrefabInstance: {fileID: 0}
  m_PrefabAsset: {fileID: 0}
  serializedVersion: 6
  m_Component:
  - component: {fileID: 1530201546}
  - component: {fileID: 1530201549}
  - component: {fileID: 1530201548}
  - component: {fileID: 1530201547}
  m_Layer: 0
  m_Name: Symbole
  m_TagString: Untagged
  m_Icon: {fileID: 0}
  m_NavMeshLayer: 0
  m_StaticEditorFlags: 0
  m_IsActive: 1
--- !u!4 &1530201546
Transform:
  m_ObjectHideFlags: 0
  m_CorrespondingSourceObject: {fileID: 0}
  m_PrefabInstance: {fileID: 0}
  m_PrefabAsset: {fileID: 0}
  m_GameObject: {fileID: 1530201545}
  m_LocalRotation: {x: -0.70710677, y: -0, z: -0, w: 0.7071068}
  m_LocalPosition: {x: -0, y: -1.0227189, z: -0.17}
  m_LocalScale: {x: 2.0783, y: 2.0783, z: 2.0783}
  m_ConstrainProportionsScale: 0
  m_Children: []
  m_Father: {fileID: 7254400527984819683}
  m_RootOrder: 12
  m_LocalEulerAnglesHint: {x: -90, y: 0, z: 0}
--- !u!33 &1530201549
MeshFilter:
  m_ObjectHideFlags: 0
  m_CorrespondingSourceObject: {fileID: 0}
  m_PrefabInstance: {fileID: 0}
  m_PrefabAsset: {fileID: 0}
  m_GameObject: {fileID: 1530201545}
  m_Mesh: {fileID: 10210, guid: 0000000000000000e000000000000000, type: 0}
--- !u!23 &1530201548
MeshRenderer:
  m_ObjectHideFlags: 0
  m_CorrespondingSourceObject: {fileID: 0}
  m_PrefabInstance: {fileID: 0}
  m_PrefabAsset: {fileID: 0}
  m_GameObject: {fileID: 1530201545}
  m_Enabled: 1
  m_CastShadows: 1
  m_ReceiveShadows: 1
  m_DynamicOccludee: 1
  m_StaticShadowCaster: 0
  m_MotionVectors: 1
  m_LightProbeUsage: 1
  m_ReflectionProbeUsage: 1
  m_RayTracingMode: 2
  m_RayTraceProcedural: 0
  m_RenderingLayerMask: 1
  m_RendererPriority: 0
  m_Materials:
  - {fileID: 2100000, guid: ff2857c8e95b7674a992eb89b5a2fa40, type: 2}
  m_StaticBatchInfo:
    firstSubMesh: 0
    subMeshCount: 0
  m_StaticBatchRoot: {fileID: 0}
  m_ProbeAnchor: {fileID: 0}
  m_LightProbeVolumeOverride: {fileID: 0}
  m_ScaleInLightmap: 1
  m_ReceiveGI: 1
  m_PreserveUVs: 0
  m_IgnoreNormalsForChartDetection: 0
  m_ImportantGI: 0
  m_StitchLightmapSeams: 1
  m_SelectedEditorRenderState: 3
  m_MinimumChartSize: 4
  m_AutoUVMaxDistance: 0.5
  m_AutoUVMaxAngle: 89
  m_LightmapParameters: {fileID: 0}
  m_SortingLayerID: 0
  m_SortingLayer: 0
  m_SortingOrder: 0
  m_AdditionalVertexStreams: {fileID: 0}
--- !u!64 &1530201547
MeshCollider:
  m_ObjectHideFlags: 0
  m_CorrespondingSourceObject: {fileID: 0}
  m_PrefabInstance: {fileID: 0}
  m_PrefabAsset: {fileID: 0}
  m_GameObject: {fileID: 1530201545}
  m_Material: {fileID: 0}
  m_IsTrigger: 0
  m_Enabled: 1
  serializedVersion: 4
  m_Convex: 0
  m_CookingOptions: 30
  m_Mesh: {fileID: 10210, guid: 0000000000000000e000000000000000, type: 0}
--- !u!1 &8063447145056872281
GameObject:
  m_ObjectHideFlags: 0
  m_CorrespondingSourceObject: {fileID: 0}
  m_PrefabInstance: {fileID: 0}
  m_PrefabAsset: {fileID: 0}
  serializedVersion: 6
  m_Component:
  - component: {fileID: 7254400527984819683}
  - component: {fileID: 5981648150652252742}
  - component: {fileID: 8423950138802636428}
  m_Layer: 0
  m_Name: tile_08
  m_TagString: Untagged
  m_Icon: {fileID: 0}
  m_NavMeshLayer: 0
  m_StaticEditorFlags: 0
  m_IsActive: 1
--- !u!4 &7254400527984819683
Transform:
  m_ObjectHideFlags: 0
  m_CorrespondingSourceObject: {fileID: 0}
  m_PrefabInstance: {fileID: 0}
  m_PrefabAsset: {fileID: 0}
  m_GameObject: {fileID: 8063447145056872281}
  m_LocalRotation: {x: 0, y: 0, z: 0, w: 1}
  m_LocalPosition: {x: -0, y: 0, z: 0}
  m_LocalScale: {x: 1, y: 1, z: 1}
  m_ConstrainProportionsScale: 0
  m_Children:
  - {fileID: 6851792662463678478}
  - {fileID: 6068852415027782408}
  - {fileID: 6931372201229251460}
  - {fileID: 2252742188839747862}
  - {fileID: 7152286434608216036}
  - {fileID: 8792757167086866086}
  - {fileID: 6503339432400239526}
  - {fileID: 9213319698980488107}
  - {fileID: 9191058216629432366}
  - {fileID: 4449272823394852754}
  - {fileID: 5183739240002938173}
  - {fileID: 1664927805269693865}
  - {fileID: 1530201546}
  m_Father: {fileID: 0}
  m_RootOrder: 0
  m_LocalEulerAnglesHint: {x: 0, y: 0, z: 0}
--- !u!33 &5981648150652252742
MeshFilter:
  m_ObjectHideFlags: 0
  m_CorrespondingSourceObject: {fileID: 0}
  m_PrefabInstance: {fileID: 0}
  m_PrefabAsset: {fileID: 0}
  m_GameObject: {fileID: 8063447145056872281}
  m_Mesh: {fileID: 6922016292642777366, guid: 2aad57d373bd25d43b2fb404e3205f70, type: 3}
--- !u!23 &8423950138802636428
MeshRenderer:
  m_ObjectHideFlags: 0
  m_CorrespondingSourceObject: {fileID: 0}
  m_PrefabInstance: {fileID: 0}
  m_PrefabAsset: {fileID: 0}
  m_GameObject: {fileID: 8063447145056872281}
  m_Enabled: 1
  m_CastShadows: 1
  m_ReceiveShadows: 1
  m_DynamicOccludee: 1
  m_StaticShadowCaster: 0
  m_MotionVectors: 1
  m_LightProbeUsage: 1
  m_ReflectionProbeUsage: 1
  m_RayTracingMode: 2
  m_RayTraceProcedural: 0
  m_RenderingLayerMask: 1
  m_RendererPriority: 0
  m_Materials:
  - {fileID: 2100000, guid: 4cc34f22457825646834cc1f07c85618, type: 2}
  - {fileID: 2100000, guid: 8aaa66d84e5e3734c9d80569abe197e6, type: 2}
  - {fileID: 2100000, guid: a73b756e252f6f942ba89d516e48e655, type: 2}
  - {fileID: 2100000, guid: a33c39e5cdc75fe498b3bf98568934f5, type: 2}
  - {fileID: 2100000, guid: 25b56f9f6a8715a4585bbbd0a4173840, type: 2}
  - {fileID: 2100000, guid: 61b77f80be44f2b4fa885f9c0ea5ecc7, type: 2}
  - {fileID: 2100000, guid: 25b56f9f6a8715a4585bbbd0a4173840, type: 2}
  m_StaticBatchInfo:
    firstSubMesh: 0
    subMeshCount: 0
  m_StaticBatchRoot: {fileID: 0}
  m_ProbeAnchor: {fileID: 0}
  m_LightProbeVolumeOverride: {fileID: 0}
  m_ScaleInLightmap: 1
  m_ReceiveGI: 1
  m_PreserveUVs: 0
  m_IgnoreNormalsForChartDetection: 0
  m_ImportantGI: 0
  m_StitchLightmapSeams: 1
  m_SelectedEditorRenderState: 3
  m_MinimumChartSize: 4
  m_AutoUVMaxDistance: 0.5
  m_AutoUVMaxAngle: 89
  m_LightmapParameters: {fileID: 0}
  m_SortingLayerID: 0
  m_SortingLayer: 0
  m_SortingOrder: 0
  m_AdditionalVertexStreams: {fileID: 0}
--- !u!1001 &838181489833195571
PrefabInstance:
  m_ObjectHideFlags: 0
  serializedVersion: 2
  m_Modification:
    m_TransformParent: {fileID: 7254400527984819683}
    m_Modifications:
    - target: {fileID: 7558121001800372925, guid: 11fd6da6b0864ad4aa7da3d5c449c041,
        type: 3}
      propertyPath: m_Enabled
      value: 1
      objectReference: {fileID: 0}
    - target: {fileID: 7558121001880536259, guid: 11fd6da6b0864ad4aa7da3d5c449c041,
        type: 3}
      propertyPath: m_Enabled
      value: 1
      objectReference: {fileID: 0}
    - target: {fileID: 7558121002780526045, guid: 11fd6da6b0864ad4aa7da3d5c449c041,
        type: 3}
      propertyPath: m_Enabled
      value: 1
      objectReference: {fileID: 0}
    - target: {fileID: 7558121002920202196, guid: 11fd6da6b0864ad4aa7da3d5c449c041,
        type: 3}
      propertyPath: m_Name
      value: Waterfall
      objectReference: {fileID: 0}
    - target: {fileID: 7558121002920202199, guid: 11fd6da6b0864ad4aa7da3d5c449c041,
        type: 3}
      propertyPath: m_RootOrder
      value: 4
      objectReference: {fileID: 0}
    - target: {fileID: 7558121002920202199, guid: 11fd6da6b0864ad4aa7da3d5c449c041,
        type: 3}
      propertyPath: m_LocalScale.x
      value: 0.1
      objectReference: {fileID: 0}
    - target: {fileID: 7558121002920202199, guid: 11fd6da6b0864ad4aa7da3d5c449c041,
        type: 3}
      propertyPath: m_LocalScale.y
      value: 0.099999994
      objectReference: {fileID: 0}
    - target: {fileID: 7558121002920202199, guid: 11fd6da6b0864ad4aa7da3d5c449c041,
        type: 3}
      propertyPath: m_LocalScale.z
      value: 0.1
      objectReference: {fileID: 0}
    - target: {fileID: 7558121002920202199, guid: 11fd6da6b0864ad4aa7da3d5c449c041,
        type: 3}
      propertyPath: m_LocalPosition.x
      value: 1.05
      objectReference: {fileID: 0}
    - target: {fileID: 7558121002920202199, guid: 11fd6da6b0864ad4aa7da3d5c449c041,
        type: 3}
      propertyPath: m_LocalPosition.y
      value: 0.986
      objectReference: {fileID: 0}
    - target: {fileID: 7558121002920202199, guid: 11fd6da6b0864ad4aa7da3d5c449c041,
        type: 3}
      propertyPath: m_LocalPosition.z
      value: -6.46
      objectReference: {fileID: 0}
    - target: {fileID: 7558121002920202199, guid: 11fd6da6b0864ad4aa7da3d5c449c041,
        type: 3}
      propertyPath: m_LocalRotation.w
      value: -0.38268277
      objectReference: {fileID: 0}
    - target: {fileID: 7558121002920202199, guid: 11fd6da6b0864ad4aa7da3d5c449c041,
        type: 3}
      propertyPath: m_LocalRotation.x
      value: -0
      objectReference: {fileID: 0}
    - target: {fileID: 7558121002920202199, guid: 11fd6da6b0864ad4aa7da3d5c449c041,
        type: 3}
      propertyPath: m_LocalRotation.y
      value: -0.92387986
      objectReference: {fileID: 0}
    - target: {fileID: 7558121002920202199, guid: 11fd6da6b0864ad4aa7da3d5c449c041,
        type: 3}
      propertyPath: m_LocalRotation.z
      value: -0
      objectReference: {fileID: 0}
    - target: {fileID: 7558121002920202199, guid: 11fd6da6b0864ad4aa7da3d5c449c041,
        type: 3}
      propertyPath: m_LocalEulerAnglesHint.x
      value: 0
      objectReference: {fileID: 0}
    - target: {fileID: 7558121002920202199, guid: 11fd6da6b0864ad4aa7da3d5c449c041,
        type: 3}
      propertyPath: m_LocalEulerAnglesHint.y
      value: -225
      objectReference: {fileID: 0}
    - target: {fileID: 7558121002920202199, guid: 11fd6da6b0864ad4aa7da3d5c449c041,
        type: 3}
      propertyPath: m_LocalEulerAnglesHint.z
      value: 0
      objectReference: {fileID: 0}
    m_RemovedComponents: []
  m_SourcePrefab: {fileID: 100100000, guid: 11fd6da6b0864ad4aa7da3d5c449c041, type: 3}
--- !u!4 &7152286434608216036 stripped
Transform:
  m_CorrespondingSourceObject: {fileID: 7558121002920202199, guid: 11fd6da6b0864ad4aa7da3d5c449c041,
    type: 3}
  m_PrefabInstance: {fileID: 838181489833195571}
  m_PrefabAsset: {fileID: 0}
--- !u!1001 &1404457745922550956
PrefabInstance:
  m_ObjectHideFlags: 0
  serializedVersion: 2
  m_Modification:
    m_TransformParent: {fileID: 7254400527984819683}
    m_Modifications:
    - target: {fileID: 7474638977083098680, guid: a44b6b1b86ef3b14cbc0a2577f25da76,
        type: 3}
      propertyPath: m_Name
      value: Rock1Low (3)
      objectReference: {fileID: 0}
    - target: {fileID: 7849932619899968642, guid: a44b6b1b86ef3b14cbc0a2577f25da76,
        type: 3}
      propertyPath: m_RootOrder
      value: 8
      objectReference: {fileID: 0}
    - target: {fileID: 7849932619899968642, guid: a44b6b1b86ef3b14cbc0a2577f25da76,
        type: 3}
      propertyPath: m_LocalScale.x
      value: 0.86118996
      objectReference: {fileID: 0}
    - target: {fileID: 7849932619899968642, guid: a44b6b1b86ef3b14cbc0a2577f25da76,
        type: 3}
      propertyPath: m_LocalScale.y
      value: 0.86119
      objectReference: {fileID: 0}
    - target: {fileID: 7849932619899968642, guid: a44b6b1b86ef3b14cbc0a2577f25da76,
        type: 3}
      propertyPath: m_LocalScale.z
      value: 0.86118996
      objectReference: {fileID: 0}
    - target: {fileID: 7849932619899968642, guid: a44b6b1b86ef3b14cbc0a2577f25da76,
        type: 3}
      propertyPath: m_LocalPosition.x
      value: 0.748
      objectReference: {fileID: 0}
    - target: {fileID: 7849932619899968642, guid: a44b6b1b86ef3b14cbc0a2577f25da76,
        type: 3}
      propertyPath: m_LocalPosition.y
      value: -0.10271883
      objectReference: {fileID: 0}
    - target: {fileID: 7849932619899968642, guid: a44b6b1b86ef3b14cbc0a2577f25da76,
        type: 3}
      propertyPath: m_LocalPosition.z
      value: 3.787
      objectReference: {fileID: 0}
    - target: {fileID: 7849932619899968642, guid: a44b6b1b86ef3b14cbc0a2577f25da76,
        type: 3}
      propertyPath: m_LocalRotation.w
      value: 0.6922919
      objectReference: {fileID: 0}
    - target: {fileID: 7849932619899968642, guid: a44b6b1b86ef3b14cbc0a2577f25da76,
        type: 3}
      propertyPath: m_LocalRotation.x
      value: 0.6024188
      objectReference: {fileID: 0}
    - target: {fileID: 7849932619899968642, guid: a44b6b1b86ef3b14cbc0a2577f25da76,
        type: 3}
      propertyPath: m_LocalRotation.y
      value: 0.22083344
      objectReference: {fileID: 0}
    - target: {fileID: 7849932619899968642, guid: a44b6b1b86ef3b14cbc0a2577f25da76,
        type: 3}
      propertyPath: m_LocalRotation.z
      value: 0.3302364
      objectReference: {fileID: 0}
    - target: {fileID: 7849932619899968642, guid: a44b6b1b86ef3b14cbc0a2577f25da76,
        type: 3}
      propertyPath: m_LocalEulerAnglesHint.x
      value: 43.491
      objectReference: {fileID: 0}
    - target: {fileID: 7849932619899968642, guid: a44b6b1b86ef3b14cbc0a2577f25da76,
        type: 3}
      propertyPath: m_LocalEulerAnglesHint.y
      value: 75.907
      objectReference: {fileID: 0}
    - target: {fileID: 7849932619899968642, guid: a44b6b1b86ef3b14cbc0a2577f25da76,
        type: 3}
      propertyPath: m_LocalEulerAnglesHint.z
      value: 85.567
      objectReference: {fileID: 0}
    m_RemovedComponents: []
  m_SourcePrefab: {fileID: 100100000, guid: a44b6b1b86ef3b14cbc0a2577f25da76, type: 3}
--- !u!4 &9191058216629432366 stripped
Transform:
  m_CorrespondingSourceObject: {fileID: 7849932619899968642, guid: a44b6b1b86ef3b14cbc0a2577f25da76,
    type: 3}
  m_PrefabInstance: {fileID: 1404457745922550956}
  m_PrefabAsset: {fileID: 0}
--- !u!1001 &1469333518404556191
PrefabInstance:
  m_ObjectHideFlags: 0
  serializedVersion: 2
  m_Modification:
    m_TransformParent: {fileID: 7254400527984819683}
    m_Modifications:
    - target: {fileID: 3015970305998572045, guid: 553172fd88d21eb40b68a93a47015a62,
        type: 3}
      propertyPath: m_RootOrder
      value: 9
      objectReference: {fileID: 0}
    - target: {fileID: 3015970305998572045, guid: 553172fd88d21eb40b68a93a47015a62,
        type: 3}
      propertyPath: m_LocalScale.x
      value: 1.37813
      objectReference: {fileID: 0}
    - target: {fileID: 3015970305998572045, guid: 553172fd88d21eb40b68a93a47015a62,
        type: 3}
      propertyPath: m_LocalScale.y
      value: 1.3781301
      objectReference: {fileID: 0}
    - target: {fileID: 3015970305998572045, guid: 553172fd88d21eb40b68a93a47015a62,
        type: 3}
      propertyPath: m_LocalScale.z
      value: 1.37813
      objectReference: {fileID: 0}
    - target: {fileID: 3015970305998572045, guid: 553172fd88d21eb40b68a93a47015a62,
        type: 3}
      propertyPath: m_LocalPosition.x
      value: 0.7944641
      objectReference: {fileID: 0}
    - target: {fileID: 3015970305998572045, guid: 553172fd88d21eb40b68a93a47015a62,
        type: 3}
      propertyPath: m_LocalPosition.y
      value: -0.08441877
      objectReference: {fileID: 0}
    - target: {fileID: 3015970305998572045, guid: 553172fd88d21eb40b68a93a47015a62,
        type: 3}
      propertyPath: m_LocalPosition.z
      value: 5.356958
      objectReference: {fileID: 0}
    - target: {fileID: 3015970305998572045, guid: 553172fd88d21eb40b68a93a47015a62,
        type: 3}
      propertyPath: m_LocalRotation.w
      value: -0.57129043
      objectReference: {fileID: 0}
    - target: {fileID: 3015970305998572045, guid: 553172fd88d21eb40b68a93a47015a62,
        type: 3}
      propertyPath: m_LocalRotation.x
      value: 0.25810635
      objectReference: {fileID: 0}
    - target: {fileID: 3015970305998572045, guid: 553172fd88d21eb40b68a93a47015a62,
        type: 3}
      propertyPath: m_LocalRotation.y
      value: 0.277948
      objectReference: {fileID: 0}
    - target: {fileID: 3015970305998572045, guid: 553172fd88d21eb40b68a93a47015a62,
        type: 3}
      propertyPath: m_LocalRotation.z
      value: -0.7278416
      objectReference: {fileID: 0}
    - target: {fileID: 3015970305998572045, guid: 553172fd88d21eb40b68a93a47015a62,
        type: 3}
      propertyPath: m_LocalEulerAnglesHint.x
      value: 6.298
      objectReference: {fileID: 0}
    - target: {fileID: 3015970305998572045, guid: 553172fd88d21eb40b68a93a47015a62,
        type: 3}
      propertyPath: m_LocalEulerAnglesHint.y
      value: -44.227
      objectReference: {fileID: 0}
    - target: {fileID: 3015970305998572045, guid: 553172fd88d21eb40b68a93a47015a62,
        type: 3}
      propertyPath: m_LocalEulerAnglesHint.z
      value: -258.819
      objectReference: {fileID: 0}
    - target: {fileID: 4351061843667403757, guid: 553172fd88d21eb40b68a93a47015a62,
        type: 3}
      propertyPath: m_Name
      value: Rock3Low (4)
      objectReference: {fileID: 0}
    m_RemovedComponents: []
  m_SourcePrefab: {fileID: 100100000, guid: 553172fd88d21eb40b68a93a47015a62, type: 3}
--- !u!4 &4449272823394852754 stripped
Transform:
  m_CorrespondingSourceObject: {fileID: 3015970305998572045, guid: 553172fd88d21eb40b68a93a47015a62,
    type: 3}
  m_PrefabInstance: {fileID: 1469333518404556191}
  m_PrefabAsset: {fileID: 0}
--- !u!1001 &1654710222655590948
PrefabInstance:
  m_ObjectHideFlags: 0
  serializedVersion: 2
  m_Modification:
    m_TransformParent: {fileID: 7254400527984819683}
    m_Modifications:
    - target: {fileID: 7474638977083098680, guid: a44b6b1b86ef3b14cbc0a2577f25da76,
        type: 3}
      propertyPath: m_Name
      value: Rock1Low (4)
      objectReference: {fileID: 0}
    - target: {fileID: 7849932619899968642, guid: a44b6b1b86ef3b14cbc0a2577f25da76,
        type: 3}
      propertyPath: m_RootOrder
      value: 5
      objectReference: {fileID: 0}
    - target: {fileID: 7849932619899968642, guid: a44b6b1b86ef3b14cbc0a2577f25da76,
        type: 3}
      propertyPath: m_LocalScale.x
      value: 0.84092844
      objectReference: {fileID: 0}
    - target: {fileID: 7849932619899968642, guid: a44b6b1b86ef3b14cbc0a2577f25da76,
        type: 3}
      propertyPath: m_LocalScale.y
      value: 0.8409283
      objectReference: {fileID: 0}
    - target: {fileID: 7849932619899968642, guid: a44b6b1b86ef3b14cbc0a2577f25da76,
        type: 3}
      propertyPath: m_LocalScale.z
      value: 0.8409283
      objectReference: {fileID: 0}
    - target: {fileID: 7849932619899968642, guid: a44b6b1b86ef3b14cbc0a2577f25da76,
        type: 3}
      propertyPath: m_LocalPosition.x
      value: -0.063
      objectReference: {fileID: 0}
    - target: {fileID: 7849932619899968642, guid: a44b6b1b86ef3b14cbc0a2577f25da76,
        type: 3}
      propertyPath: m_LocalPosition.y
      value: -0.051679
      objectReference: {fileID: 0}
    - target: {fileID: 7849932619899968642, guid: a44b6b1b86ef3b14cbc0a2577f25da76,
        type: 3}
      propertyPath: m_LocalPosition.z
      value: 6.36
      objectReference: {fileID: 0}
    - target: {fileID: 7849932619899968642, guid: a44b6b1b86ef3b14cbc0a2577f25da76,
        type: 3}
      propertyPath: m_LocalRotation.w
      value: 0.22785462
      objectReference: {fileID: 0}
    - target: {fileID: 7849932619899968642, guid: a44b6b1b86ef3b14cbc0a2577f25da76,
        type: 3}
      propertyPath: m_LocalRotation.x
      value: -0.15943718
      objectReference: {fileID: 0}
    - target: {fileID: 7849932619899968642, guid: a44b6b1b86ef3b14cbc0a2577f25da76,
        type: 3}
      propertyPath: m_LocalRotation.y
      value: -0.6541083
      objectReference: {fileID: 0}
    - target: {fileID: 7849932619899968642, guid: a44b6b1b86ef3b14cbc0a2577f25da76,
        type: 3}
      propertyPath: m_LocalRotation.z
      value: -0.7034234
      objectReference: {fileID: 0}
    - target: {fileID: 7849932619899968642, guid: a44b6b1b86ef3b14cbc0a2577f25da76,
        type: 3}
      propertyPath: m_LocalEulerAnglesHint.x
      value: 263.162
      objectReference: {fileID: 0}
    - target: {fileID: 7849932619899968642, guid: a44b6b1b86ef3b14cbc0a2577f25da76,
        type: 3}
      propertyPath: m_LocalEulerAnglesHint.y
      value: 141.707
      objectReference: {fileID: 0}
    - target: {fileID: 7849932619899968642, guid: a44b6b1b86ef3b14cbc0a2577f25da76,
        type: 3}
      propertyPath: m_LocalEulerAnglesHint.z
      value: 70.139
      objectReference: {fileID: 0}
    m_RemovedComponents: []
  m_SourcePrefab: {fileID: 100100000, guid: a44b6b1b86ef3b14cbc0a2577f25da76, type: 3}
--- !u!4 &8792757167086866086 stripped
Transform:
  m_CorrespondingSourceObject: {fileID: 7849932619899968642, guid: a44b6b1b86ef3b14cbc0a2577f25da76,
    type: 3}
  m_PrefabInstance: {fileID: 1654710222655590948}
  m_PrefabAsset: {fileID: 0}
--- !u!1001 &2687633221737695015
PrefabInstance:
  m_ObjectHideFlags: 0
  serializedVersion: 2
  m_Modification:
    m_TransformParent: {fileID: 7254400527984819683}
    m_Modifications:
    - target: {fileID: 8175301279161410607, guid: 9ec1be23b312ccf418bcaed169f6fdc6,
        type: 3}
      propertyPath: m_RootOrder
      value: 1
      objectReference: {fileID: 0}
    - target: {fileID: 8175301279161410607, guid: 9ec1be23b312ccf418bcaed169f6fdc6,
        type: 3}
      propertyPath: m_LocalScale.x
      value: 1.2298
      objectReference: {fileID: 0}
    - target: {fileID: 8175301279161410607, guid: 9ec1be23b312ccf418bcaed169f6fdc6,
        type: 3}
      propertyPath: m_LocalScale.y
      value: 0.83526
      objectReference: {fileID: 0}
    - target: {fileID: 8175301279161410607, guid: 9ec1be23b312ccf418bcaed169f6fdc6,
        type: 3}
      propertyPath: m_LocalScale.z
      value: 1.2298
      objectReference: {fileID: 0}
    - target: {fileID: 8175301279161410607, guid: 9ec1be23b312ccf418bcaed169f6fdc6,
        type: 3}
      propertyPath: m_LocalPosition.x
      value: -1.0799999
      objectReference: {fileID: 0}
    - target: {fileID: 8175301279161410607, guid: 9ec1be23b312ccf418bcaed169f6fdc6,
        type: 3}
      propertyPath: m_LocalPosition.y
      value: -0.33969
      objectReference: {fileID: 0}
    - target: {fileID: 8175301279161410607, guid: 9ec1be23b312ccf418bcaed169f6fdc6,
        type: 3}
      propertyPath: m_LocalPosition.z
      value: -6.25
      objectReference: {fileID: 0}
    - target: {fileID: 8175301279161410607, guid: 9ec1be23b312ccf418bcaed169f6fdc6,
        type: 3}
      propertyPath: m_LocalRotation.w
      value: 0.000000047064354
      objectReference: {fileID: 0}
    - target: {fileID: 8175301279161410607, guid: 9ec1be23b312ccf418bcaed169f6fdc6,
        type: 3}
      propertyPath: m_LocalRotation.x
      value: 0.70710576
      objectReference: {fileID: 0}
    - target: {fileID: 8175301279161410607, guid: 9ec1be23b312ccf418bcaed169f6fdc6,
        type: 3}
      propertyPath: m_LocalRotation.y
      value: 0.00000006813794
      objectReference: {fileID: 0}
    - target: {fileID: 8175301279161410607, guid: 9ec1be23b312ccf418bcaed169f6fdc6,
        type: 3}
      propertyPath: m_LocalRotation.z
      value: -0.70710784
      objectReference: {fileID: 0}
    - target: {fileID: 8175301279161410607, guid: 9ec1be23b312ccf418bcaed169f6fdc6,
        type: 3}
      propertyPath: m_LocalEulerAnglesHint.x
      value: 0
      objectReference: {fileID: 0}
    - target: {fileID: 8175301279161410607, guid: 9ec1be23b312ccf418bcaed169f6fdc6,
        type: 3}
      propertyPath: m_LocalEulerAnglesHint.y
      value: -90
      objectReference: {fileID: 0}
    - target: {fileID: 8175301279161410607, guid: 9ec1be23b312ccf418bcaed169f6fdc6,
        type: 3}
      propertyPath: m_LocalEulerAnglesHint.z
      value: -180
      objectReference: {fileID: 0}
    - target: {fileID: 8808849137329389205, guid: 9ec1be23b312ccf418bcaed169f6fdc6,
        type: 3}
      propertyPath: m_Name
      value: Rock1Low (1)
      objectReference: {fileID: 0}
    m_RemovedComponents: []
  m_SourcePrefab: {fileID: 100100000, guid: 9ec1be23b312ccf418bcaed169f6fdc6, type: 3}
--- !u!4 &6068852415027782408 stripped
Transform:
  m_CorrespondingSourceObject: {fileID: 8175301279161410607, guid: 9ec1be23b312ccf418bcaed169f6fdc6,
    type: 3}
  m_PrefabInstance: {fileID: 2687633221737695015}
  m_PrefabAsset: {fileID: 0}
--- !u!1001 &3098695893235497407
PrefabInstance:
  m_ObjectHideFlags: 0
  serializedVersion: 2
  m_Modification:
    m_TransformParent: {fileID: 7254400527984819683}
    m_Modifications:
    - target: {fileID: 7474638977083098680, guid: a44b6b1b86ef3b14cbc0a2577f25da76,
        type: 3}
      propertyPath: m_Name
      value: Rock1Low (6)
      objectReference: {fileID: 0}
    - target: {fileID: 7849932619899968642, guid: a44b6b1b86ef3b14cbc0a2577f25da76,
        type: 3}
      propertyPath: m_RootOrder
      value: 10
      objectReference: {fileID: 0}
    - target: {fileID: 7849932619899968642, guid: a44b6b1b86ef3b14cbc0a2577f25da76,
        type: 3}
      propertyPath: m_LocalScale.x
      value: 0.86118996
      objectReference: {fileID: 0}
    - target: {fileID: 7849932619899968642, guid: a44b6b1b86ef3b14cbc0a2577f25da76,
        type: 3}
      propertyPath: m_LocalScale.y
      value: 0.86119
      objectReference: {fileID: 0}
    - target: {fileID: 7849932619899968642, guid: a44b6b1b86ef3b14cbc0a2577f25da76,
        type: 3}
      propertyPath: m_LocalScale.z
      value: 0.86118996
      objectReference: {fileID: 0}
    - target: {fileID: 7849932619899968642, guid: a44b6b1b86ef3b14cbc0a2577f25da76,
        type: 3}
      propertyPath: m_LocalPosition.x
      value: 0.36
      objectReference: {fileID: 0}
    - target: {fileID: 7849932619899968642, guid: a44b6b1b86ef3b14cbc0a2577f25da76,
        type: 3}
      propertyPath: m_LocalPosition.y
      value: -0.099
      objectReference: {fileID: 0}
    - target: {fileID: 7849932619899968642, guid: a44b6b1b86ef3b14cbc0a2577f25da76,
        type: 3}
      propertyPath: m_LocalPosition.z
      value: 5.12
      objectReference: {fileID: 0}
    - target: {fileID: 7849932619899968642, guid: a44b6b1b86ef3b14cbc0a2577f25da76,
        type: 3}
      propertyPath: m_LocalRotation.w
      value: -0.67297584
      objectReference: {fileID: 0}
    - target: {fileID: 7849932619899968642, guid: a44b6b1b86ef3b14cbc0a2577f25da76,
        type: 3}
      propertyPath: m_LocalRotation.x
      value: 0.4730699
      objectReference: {fileID: 0}
    - target: {fileID: 7849932619899968642, guid: a44b6b1b86ef3b14cbc0a2577f25da76,
        type: 3}
      propertyPath: m_LocalRotation.y
      value: -0.41393527
      objectReference: {fileID: 0}
    - target: {fileID: 7849932619899968642, guid: a44b6b1b86ef3b14cbc0a2577f25da76,
        type: 3}
      propertyPath: m_LocalRotation.z
      value: 0.38982812
      objectReference: {fileID: 0}
    - target: {fileID: 7849932619899968642, guid: a44b6b1b86ef3b14cbc0a2577f25da76,
        type: 3}
      propertyPath: m_LocalEulerAnglesHint.x
      value: -18.301
      objectReference: {fileID: 0}
    - target: {fileID: 7849932619899968642, guid: a44b6b1b86ef3b14cbc0a2577f25da76,
        type: 3}
      propertyPath: m_LocalEulerAnglesHint.y
      value: 77.238
      objectReference: {fileID: 0}
    - target: {fileID: 7849932619899968642, guid: a44b6b1b86ef3b14cbc0a2577f25da76,
        type: 3}
      propertyPath: m_LocalEulerAnglesHint.z
      value: 285.172
      objectReference: {fileID: 0}
    m_RemovedComponents: []
  m_SourcePrefab: {fileID: 100100000, guid: a44b6b1b86ef3b14cbc0a2577f25da76, type: 3}
--- !u!4 &5183739240002938173 stripped
Transform:
  m_CorrespondingSourceObject: {fileID: 7849932619899968642, guid: a44b6b1b86ef3b14cbc0a2577f25da76,
    type: 3}
  m_PrefabInstance: {fileID: 3098695893235497407}
  m_PrefabAsset: {fileID: 0}
--- !u!1001 &3940668234480625444
PrefabInstance:
  m_ObjectHideFlags: 0
  serializedVersion: 2
  m_Modification:
    m_TransformParent: {fileID: 7254400527984819683}
    m_Modifications:
    - target: {fileID: 7474638977083098680, guid: a44b6b1b86ef3b14cbc0a2577f25da76,
        type: 3}
      propertyPath: m_Name
      value: Rock1Low (5)
      objectReference: {fileID: 0}
    - target: {fileID: 7849932619899968642, guid: a44b6b1b86ef3b14cbc0a2577f25da76,
        type: 3}
      propertyPath: m_RootOrder
      value: 6
      objectReference: {fileID: 0}
    - target: {fileID: 7849932619899968642, guid: a44b6b1b86ef3b14cbc0a2577f25da76,
        type: 3}
      propertyPath: m_LocalScale.x
      value: 0.83834994
      objectReference: {fileID: 0}
    - target: {fileID: 7849932619899968642, guid: a44b6b1b86ef3b14cbc0a2577f25da76,
        type: 3}
      propertyPath: m_LocalScale.y
      value: 0.83835006
      objectReference: {fileID: 0}
    - target: {fileID: 7849932619899968642, guid: a44b6b1b86ef3b14cbc0a2577f25da76,
        type: 3}
      propertyPath: m_LocalScale.z
      value: 0.83834994
      objectReference: {fileID: 0}
    - target: {fileID: 7849932619899968642, guid: a44b6b1b86ef3b14cbc0a2577f25da76,
        type: 3}
      propertyPath: m_LocalPosition.x
      value: 0.99
      objectReference: {fileID: 0}
    - target: {fileID: 7849932619899968642, guid: a44b6b1b86ef3b14cbc0a2577f25da76,
        type: 3}
      propertyPath: m_LocalPosition.y
      value: -0.11971903
      objectReference: {fileID: 0}
    - target: {fileID: 7849932619899968642, guid: a44b6b1b86ef3b14cbc0a2577f25da76,
        type: 3}
      propertyPath: m_LocalPosition.z
      value: 6.311
      objectReference: {fileID: 0}
    - target: {fileID: 7849932619899968642, guid: a44b6b1b86ef3b14cbc0a2577f25da76,
        type: 3}
      propertyPath: m_LocalRotation.w
      value: -0.21342401
      objectReference: {fileID: 0}
    - target: {fileID: 7849932619899968642, guid: a44b6b1b86ef3b14cbc0a2577f25da76,
        type: 3}
      propertyPath: m_LocalRotation.x
      value: 0.29773813
      objectReference: {fileID: 0}
    - target: {fileID: 7849932619899968642, guid: a44b6b1b86ef3b14cbc0a2577f25da76,
        type: 3}
      propertyPath: m_LocalRotation.y
      value: -0.65895784
      objectReference: {fileID: 0}
    - target: {fileID: 7849932619899968642, guid: a44b6b1b86ef3b14cbc0a2577f25da76,
        type: 3}
      propertyPath: m_LocalRotation.z
      value: -0.65694505
      objectReference: {fileID: 0}
    - target: {fileID: 7849932619899968642, guid: a44b6b1b86ef3b14cbc0a2577f25da76,
        type: 3}
      propertyPath: m_LocalEulerAnglesHint.x
      value: 263.162
      objectReference: {fileID: 0}
    - target: {fileID: 7849932619899968642, guid: a44b6b1b86ef3b14cbc0a2577f25da76,
        type: 3}
      propertyPath: m_LocalEulerAnglesHint.y
      value: 67.404
      objectReference: {fileID: 0}
    - target: {fileID: 7849932619899968642, guid: a44b6b1b86ef3b14cbc0a2577f25da76,
        type: 3}
      propertyPath: m_LocalEulerAnglesHint.z
      value: 70.139
      objectReference: {fileID: 0}
    m_RemovedComponents: []
  m_SourcePrefab: {fileID: 100100000, guid: a44b6b1b86ef3b14cbc0a2577f25da76, type: 3}
--- !u!4 &6503339432400239526 stripped
Transform:
  m_CorrespondingSourceObject: {fileID: 7849932619899968642, guid: a44b6b1b86ef3b14cbc0a2577f25da76,
    type: 3}
  m_PrefabInstance: {fileID: 3940668234480625444}
  m_PrefabAsset: {fileID: 0}
--- !u!1001 &6198827136749177254
PrefabInstance:
  m_ObjectHideFlags: 0
  serializedVersion: 2
  m_Modification:
    m_TransformParent: {fileID: 7254400527984819683}
    m_Modifications:
    - target: {fileID: 3015970305998572045, guid: 553172fd88d21eb40b68a93a47015a62,
        type: 3}
      propertyPath: m_RootOrder
      value: 7
      objectReference: {fileID: 0}
    - target: {fileID: 3015970305998572045, guid: 553172fd88d21eb40b68a93a47015a62,
        type: 3}
      propertyPath: m_LocalScale.x
      value: 1.60512
      objectReference: {fileID: 0}
    - target: {fileID: 3015970305998572045, guid: 553172fd88d21eb40b68a93a47015a62,
        type: 3}
      propertyPath: m_LocalScale.y
      value: 1.60512
      objectReference: {fileID: 0}
    - target: {fileID: 3015970305998572045, guid: 553172fd88d21eb40b68a93a47015a62,
        type: 3}
      propertyPath: m_LocalScale.z
      value: 1.6051201
      objectReference: {fileID: 0}
    - target: {fileID: 3015970305998572045, guid: 553172fd88d21eb40b68a93a47015a62,
        type: 3}
      propertyPath: m_LocalPosition.x
      value: -0.02
      objectReference: {fileID: 0}
    - target: {fileID: 3015970305998572045, guid: 553172fd88d21eb40b68a93a47015a62,
        type: 3}
      propertyPath: m_LocalPosition.y
      value: -0.19179247
      objectReference: {fileID: 0}
    - target: {fileID: 3015970305998572045, guid: 553172fd88d21eb40b68a93a47015a62,
        type: 3}
      propertyPath: m_LocalPosition.z
      value: 4.52
      objectReference: {fileID: 0}
    - target: {fileID: 3015970305998572045, guid: 553172fd88d21eb40b68a93a47015a62,
        type: 3}
      propertyPath: m_LocalRotation.w
      value: 0.91030735
      objectReference: {fileID: 0}
    - target: {fileID: 3015970305998572045, guid: 553172fd88d21eb40b68a93a47015a62,
        type: 3}
      propertyPath: m_LocalRotation.x
      value: -0.0633527
      objectReference: {fileID: 0}
    - target: {fileID: 3015970305998572045, guid: 553172fd88d21eb40b68a93a47015a62,
        type: 3}
      propertyPath: m_LocalRotation.y
      value: 0.05549402
      objectReference: {fileID: 0}
    - target: {fileID: 3015970305998572045, guid: 553172fd88d21eb40b68a93a47015a62,
        type: 3}
      propertyPath: m_LocalRotation.z
      value: -0.4052746
      objectReference: {fileID: 0}
    - target: {fileID: 3015970305998572045, guid: 553172fd88d21eb40b68a93a47015a62,
        type: 3}
      propertyPath: m_LocalEulerAnglesHint.x
      value: -4.035
      objectReference: {fileID: 0}
    - target: {fileID: 3015970305998572045, guid: 553172fd88d21eb40b68a93a47015a62,
        type: 3}
      propertyPath: m_LocalEulerAnglesHint.y
      value: 8.787
      objectReference: {fileID: 0}
    - target: {fileID: 3015970305998572045, guid: 553172fd88d21eb40b68a93a47015a62,
        type: 3}
      propertyPath: m_LocalEulerAnglesHint.z
      value: -48.308
      objectReference: {fileID: 0}
    - target: {fileID: 4351061843667403757, guid: 553172fd88d21eb40b68a93a47015a62,
        type: 3}
      propertyPath: m_Name
      value: Rock3Low (3)
      objectReference: {fileID: 0}
    m_RemovedComponents: []
  m_SourcePrefab: {fileID: 100100000, guid: 553172fd88d21eb40b68a93a47015a62, type: 3}
--- !u!4 &9213319698980488107 stripped
Transform:
  m_CorrespondingSourceObject: {fileID: 3015970305998572045, guid: 553172fd88d21eb40b68a93a47015a62,
    type: 3}
  m_PrefabInstance: {fileID: 6198827136749177254}
  m_PrefabAsset: {fileID: 0}
--- !u!1001 &6236691791804675084
PrefabInstance:
  m_ObjectHideFlags: 0
  serializedVersion: 2
  m_Modification:
    m_TransformParent: {fileID: 7254400527984819683}
    m_Modifications:
    - target: {fileID: 3944027851154900872, guid: 990fa73a661aaec4e9b9bba1f31a8548,
        type: 3}
      propertyPath: m_RootOrder
      value: 2
      objectReference: {fileID: 0}
    - target: {fileID: 3944027851154900872, guid: 990fa73a661aaec4e9b9bba1f31a8548,
        type: 3}
      propertyPath: m_LocalPosition.x
      value: 0.3729992
      objectReference: {fileID: 0}
    - target: {fileID: 3944027851154900872, guid: 990fa73a661aaec4e9b9bba1f31a8548,
        type: 3}
      propertyPath: m_LocalPosition.y
      value: -0.12899971
      objectReference: {fileID: 0}
    - target: {fileID: 3944027851154900872, guid: 990fa73a661aaec4e9b9bba1f31a8548,
        type: 3}
      propertyPath: m_LocalPosition.z
      value: -5.45
      objectReference: {fileID: 0}
    - target: {fileID: 3944027851154900872, guid: 990fa73a661aaec4e9b9bba1f31a8548,
        type: 3}
      propertyPath: m_LocalRotation.w
      value: 0.70710784
      objectReference: {fileID: 0}
    - target: {fileID: 3944027851154900872, guid: 990fa73a661aaec4e9b9bba1f31a8548,
        type: 3}
      propertyPath: m_LocalRotation.x
      value: 0.000000057601234
      objectReference: {fileID: 0}
    - target: {fileID: 3944027851154900872, guid: 990fa73a661aaec4e9b9bba1f31a8548,
        type: 3}
      propertyPath: m_LocalRotation.y
      value: -0.70710576
      objectReference: {fileID: 0}
    - target: {fileID: 3944027851154900872, guid: 990fa73a661aaec4e9b9bba1f31a8548,
        type: 3}
      propertyPath: m_LocalRotation.z
      value: 0.000000057601067
      objectReference: {fileID: 0}
    - target: {fileID: 3944027851154900872, guid: 990fa73a661aaec4e9b9bba1f31a8548,
        type: 3}
      propertyPath: m_LocalEulerAnglesHint.x
      value: 0
      objectReference: {fileID: 0}
    - target: {fileID: 3944027851154900872, guid: 990fa73a661aaec4e9b9bba1f31a8548,
        type: 3}
      propertyPath: m_LocalEulerAnglesHint.y
      value: -90
      objectReference: {fileID: 0}
    - target: {fileID: 3944027851154900872, guid: 990fa73a661aaec4e9b9bba1f31a8548,
        type: 3}
      propertyPath: m_LocalEulerAnglesHint.z
      value: 0
      objectReference: {fileID: 0}
    - target: {fileID: 4465267094566837554, guid: 990fa73a661aaec4e9b9bba1f31a8548,
        type: 3}
      propertyPath: m_Name
      value: Rock2Low
      objectReference: {fileID: 0}
    m_RemovedComponents: []
  m_SourcePrefab: {fileID: 100100000, guid: 990fa73a661aaec4e9b9bba1f31a8548, type: 3}
--- !u!4 &6931372201229251460 stripped
Transform:
  m_CorrespondingSourceObject: {fileID: 3944027851154900872, guid: 990fa73a661aaec4e9b9bba1f31a8548,
    type: 3}
  m_PrefabInstance: {fileID: 6236691791804675084}
  m_PrefabAsset: {fileID: 0}
--- !u!1001 &7614027247754891142
PrefabInstance:
  m_ObjectHideFlags: 0
  serializedVersion: 2
  m_Modification:
    m_TransformParent: {fileID: 7254400527984819683}
    m_Modifications:
    - target: {fileID: 3944027851154900872, guid: 990fa73a661aaec4e9b9bba1f31a8548,
        type: 3}
      propertyPath: m_RootOrder
      value: 0
      objectReference: {fileID: 0}
    - target: {fileID: 3944027851154900872, guid: 990fa73a661aaec4e9b9bba1f31a8548,
        type: 3}
      propertyPath: m_LocalScale.x
      value: 0.59340996
      objectReference: {fileID: 0}
    - target: {fileID: 3944027851154900872, guid: 990fa73a661aaec4e9b9bba1f31a8548,
        type: 3}
      propertyPath: m_LocalScale.y
      value: 0.59340996
      objectReference: {fileID: 0}
    - target: {fileID: 3944027851154900872, guid: 990fa73a661aaec4e9b9bba1f31a8548,
        type: 3}
      propertyPath: m_LocalScale.z
      value: 0.59340996
      objectReference: {fileID: 0}
    - target: {fileID: 3944027851154900872, guid: 990fa73a661aaec4e9b9bba1f31a8548,
        type: 3}
      propertyPath: m_LocalPosition.x
      value: -0.5760021
      objectReference: {fileID: 0}
    - target: {fileID: 3944027851154900872, guid: 990fa73a661aaec4e9b9bba1f31a8548,
        type: 3}
      propertyPath: m_LocalPosition.y
      value: -0.09000015
      objectReference: {fileID: 0}
    - target: {fileID: 3944027851154900872, guid: 990fa73a661aaec4e9b9bba1f31a8548,
        type: 3}
      propertyPath: m_LocalPosition.z
      value: -5.7840004
      objectReference: {fileID: 0}
    - target: {fileID: 3944027851154900872, guid: 990fa73a661aaec4e9b9bba1f31a8548,
        type: 3}
      propertyPath: m_LocalRotation.w
      value: 0.70710784
      objectReference: {fileID: 0}
    - target: {fileID: 3944027851154900872, guid: 990fa73a661aaec4e9b9bba1f31a8548,
        type: 3}
      propertyPath: m_LocalRotation.x
      value: 0.000000057601234
      objectReference: {fileID: 0}
    - target: {fileID: 3944027851154900872, guid: 990fa73a661aaec4e9b9bba1f31a8548,
        type: 3}
      propertyPath: m_LocalRotation.y
      value: -0.70710576
      objectReference: {fileID: 0}
    - target: {fileID: 3944027851154900872, guid: 990fa73a661aaec4e9b9bba1f31a8548,
        type: 3}
      propertyPath: m_LocalRotation.z
      value: 0.000000057601067
      objectReference: {fileID: 0}
    - target: {fileID: 3944027851154900872, guid: 990fa73a661aaec4e9b9bba1f31a8548,
        type: 3}
      propertyPath: m_LocalEulerAnglesHint.x
      value: 0
      objectReference: {fileID: 0}
    - target: {fileID: 3944027851154900872, guid: 990fa73a661aaec4e9b9bba1f31a8548,
        type: 3}
      propertyPath: m_LocalEulerAnglesHint.y
      value: -90
      objectReference: {fileID: 0}
    - target: {fileID: 3944027851154900872, guid: 990fa73a661aaec4e9b9bba1f31a8548,
        type: 3}
      propertyPath: m_LocalEulerAnglesHint.z
      value: 0
      objectReference: {fileID: 0}
    - target: {fileID: 4465267094566837554, guid: 990fa73a661aaec4e9b9bba1f31a8548,
        type: 3}
      propertyPath: m_Name
      value: Rock2Low (1)
      objectReference: {fileID: 0}
    m_RemovedComponents: []
  m_SourcePrefab: {fileID: 100100000, guid: 990fa73a661aaec4e9b9bba1f31a8548, type: 3}
--- !u!4 &6851792662463678478 stripped
Transform:
  m_CorrespondingSourceObject: {fileID: 3944027851154900872, guid: 990fa73a661aaec4e9b9bba1f31a8548,
    type: 3}
  m_PrefabInstance: {fileID: 7614027247754891142}
  m_PrefabAsset: {fileID: 0}
--- !u!1001 &7942054130785330489
PrefabInstance:
  m_ObjectHideFlags: 0
  serializedVersion: 2
  m_Modification:
    m_TransformParent: {fileID: 7254400527984819683}
    m_Modifications:
    - target: {fileID: 8175301279161410607, guid: 9ec1be23b312ccf418bcaed169f6fdc6,
        type: 3}
      propertyPath: m_RootOrder
      value: 3
      objectReference: {fileID: 0}
    - target: {fileID: 8175301279161410607, guid: 9ec1be23b312ccf418bcaed169f6fdc6,
        type: 3}
      propertyPath: m_LocalPosition.x
      value: -0.0080013275
      objectReference: {fileID: 0}
    - target: {fileID: 8175301279161410607, guid: 9ec1be23b312ccf418bcaed169f6fdc6,
        type: 3}
      propertyPath: m_LocalPosition.y
      value: -0.33099985
      objectReference: {fileID: 0}
    - target: {fileID: 8175301279161410607, guid: 9ec1be23b312ccf418bcaed169f6fdc6,
        type: 3}
      propertyPath: m_LocalPosition.z
      value: -6.0300007
      objectReference: {fileID: 0}
    - target: {fileID: 8175301279161410607, guid: 9ec1be23b312ccf418bcaed169f6fdc6,
        type: 3}
      propertyPath: m_LocalRotation.w
      value: 0.70710784
      objectReference: {fileID: 0}
    - target: {fileID: 8175301279161410607, guid: 9ec1be23b312ccf418bcaed169f6fdc6,
        type: 3}
      propertyPath: m_LocalRotation.x
      value: 0.000000057601234
      objectReference: {fileID: 0}
    - target: {fileID: 8175301279161410607, guid: 9ec1be23b312ccf418bcaed169f6fdc6,
        type: 3}
      propertyPath: m_LocalRotation.y
      value: -0.70710576
      objectReference: {fileID: 0}
    - target: {fileID: 8175301279161410607, guid: 9ec1be23b312ccf418bcaed169f6fdc6,
        type: 3}
      propertyPath: m_LocalRotation.z
      value: 0.000000057601067
      objectReference: {fileID: 0}
    - target: {fileID: 8175301279161410607, guid: 9ec1be23b312ccf418bcaed169f6fdc6,
        type: 3}
      propertyPath: m_LocalEulerAnglesHint.x
      value: 0
      objectReference: {fileID: 0}
    - target: {fileID: 8175301279161410607, guid: 9ec1be23b312ccf418bcaed169f6fdc6,
        type: 3}
      propertyPath: m_LocalEulerAnglesHint.y
      value: -90
      objectReference: {fileID: 0}
    - target: {fileID: 8175301279161410607, guid: 9ec1be23b312ccf418bcaed169f6fdc6,
        type: 3}
      propertyPath: m_LocalEulerAnglesHint.z
      value: 0
      objectReference: {fileID: 0}
    - target: {fileID: 8808849137329389205, guid: 9ec1be23b312ccf418bcaed169f6fdc6,
        type: 3}
      propertyPath: m_Name
      value: Rock1Low
      objectReference: {fileID: 0}
    m_RemovedComponents: []
  m_SourcePrefab: {fileID: 100100000, guid: 9ec1be23b312ccf418bcaed169f6fdc6, type: 3}
--- !u!4 &2252742188839747862 stripped
Transform:
  m_CorrespondingSourceObject: {fileID: 8175301279161410607, guid: 9ec1be23b312ccf418bcaed169f6fdc6,
    type: 3}
  m_PrefabInstance: {fileID: 7942054130785330489}
  m_PrefabAsset: {fileID: 0}
--- !u!1001 &8929392469257668907
PrefabInstance:
  m_ObjectHideFlags: 0
  serializedVersion: 2
  m_Modification:
    m_TransformParent: {fileID: 7254400527984819683}
    m_Modifications:
    - target: {fileID: 7474638977083098680, guid: a44b6b1b86ef3b14cbc0a2577f25da76,
        type: 3}
      propertyPath: m_Name
      value: Rock1Low (7)
      objectReference: {fileID: 0}
    - target: {fileID: 7849932619899968642, guid: a44b6b1b86ef3b14cbc0a2577f25da76,
        type: 3}
      propertyPath: m_RootOrder
      value: 11
      objectReference: {fileID: 0}
    - target: {fileID: 7849932619899968642, guid: a44b6b1b86ef3b14cbc0a2577f25da76,
        type: 3}
      propertyPath: m_LocalScale.x
      value: 0.6605108
      objectReference: {fileID: 0}
    - target: {fileID: 7849932619899968642, guid: a44b6b1b86ef3b14cbc0a2577f25da76,
        type: 3}
      propertyPath: m_LocalScale.y
      value: 0.66051084
      objectReference: {fileID: 0}
    - target: {fileID: 7849932619899968642, guid: a44b6b1b86ef3b14cbc0a2577f25da76,
        type: 3}
      propertyPath: m_LocalScale.z
      value: 0.6605108
      objectReference: {fileID: 0}
    - target: {fileID: 7849932619899968642, guid: a44b6b1b86ef3b14cbc0a2577f25da76,
        type: 3}
      propertyPath: m_LocalPosition.x
      value: 1.104
      objectReference: {fileID: 0}
    - target: {fileID: 7849932619899968642, guid: a44b6b1b86ef3b14cbc0a2577f25da76,
        type: 3}
      propertyPath: m_LocalPosition.y
      value: -0.091
      objectReference: {fileID: 0}
    - target: {fileID: 7849932619899968642, guid: a44b6b1b86ef3b14cbc0a2577f25da76,
        type: 3}
      propertyPath: m_LocalPosition.z
      value: 4.337
      objectReference: {fileID: 0}
    - target: {fileID: 7849932619899968642, guid: a44b6b1b86ef3b14cbc0a2577f25da76,
        type: 3}
      propertyPath: m_LocalRotation.w
      value: -0.21342401
      objectReference: {fileID: 0}
    - target: {fileID: 7849932619899968642, guid: a44b6b1b86ef3b14cbc0a2577f25da76,
        type: 3}
      propertyPath: m_LocalRotation.x
      value: 0.29773813
      objectReference: {fileID: 0}
    - target: {fileID: 7849932619899968642, guid: a44b6b1b86ef3b14cbc0a2577f25da76,
        type: 3}
      propertyPath: m_LocalRotation.y
      value: -0.65895784
      objectReference: {fileID: 0}
    - target: {fileID: 7849932619899968642, guid: a44b6b1b86ef3b14cbc0a2577f25da76,
        type: 3}
      propertyPath: m_LocalRotation.z
      value: -0.65694505
      objectReference: {fileID: 0}
    - target: {fileID: 7849932619899968642, guid: a44b6b1b86ef3b14cbc0a2577f25da76,
        type: 3}
      propertyPath: m_LocalEulerAnglesHint.x
      value: 263.162
      objectReference: {fileID: 0}
    - target: {fileID: 7849932619899968642, guid: a44b6b1b86ef3b14cbc0a2577f25da76,
        type: 3}
      propertyPath: m_LocalEulerAnglesHint.y
      value: 67.404
      objectReference: {fileID: 0}
    - target: {fileID: 7849932619899968642, guid: a44b6b1b86ef3b14cbc0a2577f25da76,
        type: 3}
      propertyPath: m_LocalEulerAnglesHint.z
      value: 70.139
      objectReference: {fileID: 0}
    m_RemovedComponents: []
  m_SourcePrefab: {fileID: 100100000, guid: a44b6b1b86ef3b14cbc0a2577f25da76, type: 3}
--- !u!4 &1664927805269693865 stripped
Transform:
  m_CorrespondingSourceObject: {fileID: 7849932619899968642, guid: a44b6b1b86ef3b14cbc0a2577f25da76,
    type: 3}
  m_PrefabInstance: {fileID: 8929392469257668907}
  m_PrefabAsset: {fileID: 0}
