%YAML 1.1
%TAG !u! tag:unity3d.com,2011:
--- !u!1 &766533260
GameObject:
  m_ObjectHideFlags: 0
  m_CorrespondingSourceObject: {fileID: 0}
  m_PrefabInstance: {fileID: 0}
  m_PrefabAsset: {fileID: 0}
  serializedVersion: 6
  m_Component:
  - component: {fileID: 766533261}
  - component: {fileID: 766533264}
  - component: {fileID: 766533263}
  - component: {fileID: 766533262}
  m_Layer: 0
  m_Name: Symbole
  m_TagString: Untagged
  m_Icon: {fileID: 0}
  m_NavMeshLayer: 0
  m_StaticEditorFlags: 0
  m_IsActive: 1
--- !u!4 &766533261
Transform:
  m_ObjectHideFlags: 0
  m_CorrespondingSourceObject: {fileID: 0}
  m_PrefabInstance: {fileID: 0}
  m_PrefabAsset: {fileID: 0}
  m_GameObject: {fileID: 766533260}
  m_LocalRotation: {x: -0.70710677, y: -0, z: -0, w: 0.7071068}
  m_LocalPosition: {x: -0.03, y: -1.0227189, z: -0.06}
  m_LocalScale: {x: 2.0783, y: 2.0783, z: 2.0783}
  m_ConstrainProportionsScale: 0
  m_Children: []
  m_Father: {fileID: 6837714269492190211}
  m_RootOrder: 13
  m_LocalEulerAnglesHint: {x: -90, y: 0, z: 0}
--- !u!33 &766533264
MeshFilter:
  m_ObjectHideFlags: 0
  m_CorrespondingSourceObject: {fileID: 0}
  m_PrefabInstance: {fileID: 0}
  m_PrefabAsset: {fileID: 0}
  m_GameObject: {fileID: 766533260}
  m_Mesh: {fileID: 10210, guid: 0000000000000000e000000000000000, type: 0}
--- !u!23 &766533263
MeshRenderer:
  m_ObjectHideFlags: 0
  m_CorrespondingSourceObject: {fileID: 0}
  m_PrefabInstance: {fileID: 0}
  m_PrefabAsset: {fileID: 0}
  m_GameObject: {fileID: 766533260}
  m_Enabled: 1
  m_CastShadows: 1
  m_ReceiveShadows: 1
  m_DynamicOccludee: 1
  m_StaticShadowCaster: 0
  m_MotionVectors: 1
  m_LightProbeUsage: 1
  m_ReflectionProbeUsage: 1
  m_RayTracingMode: 2
  m_RayTraceProcedural: 0
  m_RenderingLayerMask: 1
  m_RendererPriority: 0
  m_Materials:
  - {fileID: 2100000, guid: 855c21d8b06f18843b1b757d95c65372, type: 2}
  m_StaticBatchInfo:
    firstSubMesh: 0
    subMeshCount: 0
  m_StaticBatchRoot: {fileID: 0}
  m_ProbeAnchor: {fileID: 0}
  m_LightProbeVolumeOverride: {fileID: 0}
  m_ScaleInLightmap: 1
  m_ReceiveGI: 1
  m_PreserveUVs: 0
  m_IgnoreNormalsForChartDetection: 0
  m_ImportantGI: 0
  m_StitchLightmapSeams: 1
  m_SelectedEditorRenderState: 3
  m_MinimumChartSize: 4
  m_AutoUVMaxDistance: 0.5
  m_AutoUVMaxAngle: 89
  m_LightmapParameters: {fileID: 0}
  m_SortingLayerID: 0
  m_SortingLayer: 0
  m_SortingOrder: 0
  m_AdditionalVertexStreams: {fileID: 0}
--- !u!64 &766533262
MeshCollider:
  m_ObjectHideFlags: 0
  m_CorrespondingSourceObject: {fileID: 0}
  m_PrefabInstance: {fileID: 0}
  m_PrefabAsset: {fileID: 0}
  m_GameObject: {fileID: 766533260}
  m_Material: {fileID: 0}
  m_IsTrigger: 0
  m_Enabled: 1
  serializedVersion: 4
  m_Convex: 0
  m_CookingOptions: 30
  m_Mesh: {fileID: 10210, guid: 0000000000000000e000000000000000, type: 0}
--- !u!1 &6174329857695270585
GameObject:
  m_ObjectHideFlags: 0
  m_CorrespondingSourceObject: {fileID: 0}
  m_PrefabInstance: {fileID: 0}
  m_PrefabAsset: {fileID: 0}
  serializedVersion: 6
  m_Component:
  - component: {fileID: 6837714269492190211}
  - component: {fileID: 7587346508630758310}
  - component: {fileID: 5669851863561561964}
  m_Layer: 0
  m_Name: tile_07
  m_TagString: Untagged
  m_Icon: {fileID: 0}
  m_NavMeshLayer: 0
  m_StaticEditorFlags: 0
  m_IsActive: 1
--- !u!4 &6837714269492190211
Transform:
  m_ObjectHideFlags: 0
  m_CorrespondingSourceObject: {fileID: 0}
  m_PrefabInstance: {fileID: 0}
  m_PrefabAsset: {fileID: 0}
  m_GameObject: {fileID: 6174329857695270585}
  m_LocalRotation: {x: 0, y: 0, z: 0, w: 1}
  m_LocalPosition: {x: -0, y: 0, z: 0}
  m_LocalScale: {x: 1, y: 1, z: 1}
  m_ConstrainProportionsScale: 0
  m_Children:
  - {fileID: 3662356380579788012}
  - {fileID: 4025488859101796198}
  - {fileID: 1891461830224811948}
  - {fileID: 3750398245962867605}
  - {fileID: 8138478511145358956}
  - {fileID: 4653118960079454534}
  - {fileID: 17143290099529113}
  - {fileID: 5961142115736304584}
  - {fileID: 6105639100903895398}
  - {fileID: 601114695895888420}
  - {fileID: 73994602294881654}
  - {fileID: 6722293662150176487}
  - {fileID: 147754568648241514}
  - {fileID: 766533261}
  m_Father: {fileID: 0}
  m_RootOrder: 0
  m_LocalEulerAnglesHint: {x: 0, y: 0, z: 0}
--- !u!33 &7587346508630758310
MeshFilter:
  m_ObjectHideFlags: 0
  m_CorrespondingSourceObject: {fileID: 0}
  m_PrefabInstance: {fileID: 0}
  m_PrefabAsset: {fileID: 0}
  m_GameObject: {fileID: 6174329857695270585}
  m_Mesh: {fileID: 6922016292642777366, guid: e049e7c52e4d7a84dbc5b6eb8a6f7127, type: 3}
--- !u!23 &5669851863561561964
MeshRenderer:
  m_ObjectHideFlags: 0
  m_CorrespondingSourceObject: {fileID: 0}
  m_PrefabInstance: {fileID: 0}
  m_PrefabAsset: {fileID: 0}
  m_GameObject: {fileID: 6174329857695270585}
  m_Enabled: 1
  m_CastShadows: 1
  m_ReceiveShadows: 1
  m_DynamicOccludee: 1
  m_StaticShadowCaster: 0
  m_MotionVectors: 1
  m_LightProbeUsage: 1
  m_ReflectionProbeUsage: 1
  m_RayTracingMode: 2
  m_RayTraceProcedural: 0
  m_RenderingLayerMask: 1
  m_RendererPriority: 0
  m_Materials:
  - {fileID: 2100000, guid: 4cc34f22457825646834cc1f07c85618, type: 2}
  - {fileID: 2100000, guid: 8aaa66d84e5e3734c9d80569abe197e6, type: 2}
  - {fileID: 2100000, guid: a73b756e252f6f942ba89d516e48e655, type: 2}
  - {fileID: 2100000, guid: 25b56f9f6a8715a4585bbbd0a4173840, type: 2}
  - {fileID: 2100000, guid: 61b77f80be44f2b4fa885f9c0ea5ecc7, type: 2}
  - {fileID: 2100000, guid: 25b56f9f6a8715a4585bbbd0a4173840, type: 2}
  m_StaticBatchInfo:
    firstSubMesh: 0
    subMeshCount: 0
  m_StaticBatchRoot: {fileID: 0}
  m_ProbeAnchor: {fileID: 0}
  m_LightProbeVolumeOverride: {fileID: 0}
  m_ScaleInLightmap: 1
  m_ReceiveGI: 1
  m_PreserveUVs: 0
  m_IgnoreNormalsForChartDetection: 0
  m_ImportantGI: 0
  m_StitchLightmapSeams: 1
  m_SelectedEditorRenderState: 3
  m_MinimumChartSize: 4
  m_AutoUVMaxDistance: 0.5
  m_AutoUVMaxAngle: 89
  m_LightmapParameters: {fileID: 0}
  m_SortingLayerID: 0
  m_SortingLayer: 0
  m_SortingOrder: 0
  m_AdditionalVertexStreams: {fileID: 0}
--- !u!1001 &2724421979932906825
PrefabInstance:
  m_ObjectHideFlags: 0
  serializedVersion: 2
  m_Modification:
    m_TransformParent: {fileID: 6837714269492190211}
    m_Modifications:
    - target: {fileID: 8175301279161410607, guid: 9ec1be23b312ccf418bcaed169f6fdc6,
        type: 3}
      propertyPath: m_RootOrder
      value: 8
      objectReference: {fileID: 0}
    - target: {fileID: 8175301279161410607, guid: 9ec1be23b312ccf418bcaed169f6fdc6,
        type: 3}
      propertyPath: m_LocalScale.x
      value: 1.2298
      objectReference: {fileID: 0}
    - target: {fileID: 8175301279161410607, guid: 9ec1be23b312ccf418bcaed169f6fdc6,
        type: 3}
      propertyPath: m_LocalScale.y
      value: 0.83526
      objectReference: {fileID: 0}
    - target: {fileID: 8175301279161410607, guid: 9ec1be23b312ccf418bcaed169f6fdc6,
        type: 3}
      propertyPath: m_LocalScale.z
      value: 1.2298
      objectReference: {fileID: 0}
    - target: {fileID: 8175301279161410607, guid: 9ec1be23b312ccf418bcaed169f6fdc6,
        type: 3}
      propertyPath: m_LocalPosition.x
      value: -0.9900017
      objectReference: {fileID: 0}
    - target: {fileID: 8175301279161410607, guid: 9ec1be23b312ccf418bcaed169f6fdc6,
        type: 3}
      propertyPath: m_LocalPosition.y
      value: -0.33969
      objectReference: {fileID: 0}
    - target: {fileID: 8175301279161410607, guid: 9ec1be23b312ccf418bcaed169f6fdc6,
        type: 3}
      propertyPath: m_LocalPosition.z
      value: -6.38
      objectReference: {fileID: 0}
    - target: {fileID: 8175301279161410607, guid: 9ec1be23b312ccf418bcaed169f6fdc6,
        type: 3}
      propertyPath: m_LocalRotation.w
      value: 0.000000017406611
      objectReference: {fileID: 0}
    - target: {fileID: 8175301279161410607, guid: 9ec1be23b312ccf418bcaed169f6fdc6,
        type: 3}
      propertyPath: m_LocalRotation.x
      value: 0.38268286
      objectReference: {fileID: 0}
    - target: {fileID: 8175301279161410607, guid: 9ec1be23b312ccf418bcaed169f6fdc6,
        type: 3}
      propertyPath: m_LocalRotation.y
      value: 0.00000008096199
      objectReference: {fileID: 0}
    - target: {fileID: 8175301279161410607, guid: 9ec1be23b312ccf418bcaed169f6fdc6,
        type: 3}
      propertyPath: m_LocalRotation.z
      value: -0.9238798
      objectReference: {fileID: 0}
    - target: {fileID: 8175301279161410607, guid: 9ec1be23b312ccf418bcaed169f6fdc6,
        type: 3}
      propertyPath: m_LocalEulerAnglesHint.x
      value: 0
      objectReference: {fileID: 0}
    - target: {fileID: 8175301279161410607, guid: 9ec1be23b312ccf418bcaed169f6fdc6,
        type: 3}
      propertyPath: m_LocalEulerAnglesHint.y
      value: -45
      objectReference: {fileID: 0}
    - target: {fileID: 8175301279161410607, guid: 9ec1be23b312ccf418bcaed169f6fdc6,
        type: 3}
      propertyPath: m_LocalEulerAnglesHint.z
      value: -180
      objectReference: {fileID: 0}
    - target: {fileID: 8808849137329389205, guid: 9ec1be23b312ccf418bcaed169f6fdc6,
        type: 3}
      propertyPath: m_Name
      value: Rock1Low (4)
      objectReference: {fileID: 0}
    m_RemovedComponents: []
  m_SourcePrefab: {fileID: 100100000, guid: 9ec1be23b312ccf418bcaed169f6fdc6, type: 3}
--- !u!4 &6105639100903895398 stripped
Transform:
  m_CorrespondingSourceObject: {fileID: 8175301279161410607, guid: 9ec1be23b312ccf418bcaed169f6fdc6,
    type: 3}
  m_PrefabInstance: {fileID: 2724421979932906825}
  m_PrefabAsset: {fileID: 0}
--- !u!1001 &3188235496755317448
PrefabInstance:
  m_ObjectHideFlags: 0
  serializedVersion: 2
  m_Modification:
    m_TransformParent: {fileID: 6837714269492190211}
    m_Modifications:
    - target: {fileID: 8175301279161410607, guid: 9ec1be23b312ccf418bcaed169f6fdc6,
        type: 3}
      propertyPath: m_RootOrder
      value: 11
      objectReference: {fileID: 0}
    - target: {fileID: 8175301279161410607, guid: 9ec1be23b312ccf418bcaed169f6fdc6,
        type: 3}
      propertyPath: m_LocalPosition.x
      value: 0.8100014
      objectReference: {fileID: 0}
    - target: {fileID: 8175301279161410607, guid: 9ec1be23b312ccf418bcaed169f6fdc6,
        type: 3}
      propertyPath: m_LocalPosition.y
      value: -0.33099985
      objectReference: {fileID: 0}
    - target: {fileID: 8175301279161410607, guid: 9ec1be23b312ccf418bcaed169f6fdc6,
        type: 3}
      propertyPath: m_LocalPosition.z
      value: -5.87
      objectReference: {fileID: 0}
    - target: {fileID: 8175301279161410607, guid: 9ec1be23b312ccf418bcaed169f6fdc6,
        type: 3}
      propertyPath: m_LocalRotation.w
      value: 0.9238798
      objectReference: {fileID: 0}
    - target: {fileID: 8175301279161410607, guid: 9ec1be23b312ccf418bcaed169f6fdc6,
        type: 3}
      propertyPath: m_LocalRotation.x
      value: 0.00000007525955
      objectReference: {fileID: 0}
    - target: {fileID: 8175301279161410607, guid: 9ec1be23b312ccf418bcaed169f6fdc6,
        type: 3}
      propertyPath: m_LocalRotation.y
      value: -0.38268286
      objectReference: {fileID: 0}
    - target: {fileID: 8175301279161410607, guid: 9ec1be23b312ccf418bcaed169f6fdc6,
        type: 3}
      propertyPath: m_LocalRotation.z
      value: 0.00000003117348
      objectReference: {fileID: 0}
    - target: {fileID: 8175301279161410607, guid: 9ec1be23b312ccf418bcaed169f6fdc6,
        type: 3}
      propertyPath: m_LocalEulerAnglesHint.x
      value: 0
      objectReference: {fileID: 0}
    - target: {fileID: 8175301279161410607, guid: 9ec1be23b312ccf418bcaed169f6fdc6,
        type: 3}
      propertyPath: m_LocalEulerAnglesHint.y
      value: -45
      objectReference: {fileID: 0}
    - target: {fileID: 8175301279161410607, guid: 9ec1be23b312ccf418bcaed169f6fdc6,
        type: 3}
      propertyPath: m_LocalEulerAnglesHint.z
      value: 0
      objectReference: {fileID: 0}
    - target: {fileID: 8808849137329389205, guid: 9ec1be23b312ccf418bcaed169f6fdc6,
        type: 3}
      propertyPath: m_Name
      value: Rock1Low (6)
      objectReference: {fileID: 0}
    m_RemovedComponents: []
  m_SourcePrefab: {fileID: 100100000, guid: 9ec1be23b312ccf418bcaed169f6fdc6, type: 3}
--- !u!4 &6722293662150176487 stripped
Transform:
  m_CorrespondingSourceObject: {fileID: 8175301279161410607, guid: 9ec1be23b312ccf418bcaed169f6fdc6,
    type: 3}
  m_PrefabInstance: {fileID: 3188235496755317448}
  m_PrefabAsset: {fileID: 0}
--- !u!1001 &3207639271957024804
PrefabInstance:
  m_ObjectHideFlags: 0
  serializedVersion: 2
  m_Modification:
    m_TransformParent: {fileID: 6837714269492190211}
    m_Modifications:
    - target: {fileID: 3944027851154900872, guid: 990fa73a661aaec4e9b9bba1f31a8548,
        type: 3}
      propertyPath: m_RootOrder
      value: 2
      objectReference: {fileID: 0}
    - target: {fileID: 3944027851154900872, guid: 990fa73a661aaec4e9b9bba1f31a8548,
        type: 3}
      propertyPath: m_LocalPosition.x
      value: 0.72999954
      objectReference: {fileID: 0}
    - target: {fileID: 3944027851154900872, guid: 990fa73a661aaec4e9b9bba1f31a8548,
        type: 3}
      propertyPath: m_LocalPosition.y
      value: -0.12899971
      objectReference: {fileID: 0}
    - target: {fileID: 3944027851154900872, guid: 990fa73a661aaec4e9b9bba1f31a8548,
        type: 3}
      propertyPath: m_LocalPosition.z
      value: -4.11
      objectReference: {fileID: 0}
    - target: {fileID: 3944027851154900872, guid: 990fa73a661aaec4e9b9bba1f31a8548,
        type: 3}
      propertyPath: m_LocalRotation.w
      value: 0.9238798
      objectReference: {fileID: 0}
    - target: {fileID: 3944027851154900872, guid: 990fa73a661aaec4e9b9bba1f31a8548,
        type: 3}
      propertyPath: m_LocalRotation.x
      value: 0.00000007525955
      objectReference: {fileID: 0}
    - target: {fileID: 3944027851154900872, guid: 990fa73a661aaec4e9b9bba1f31a8548,
        type: 3}
      propertyPath: m_LocalRotation.y
      value: -0.38268286
      objectReference: {fileID: 0}
    - target: {fileID: 3944027851154900872, guid: 990fa73a661aaec4e9b9bba1f31a8548,
        type: 3}
      propertyPath: m_LocalRotation.z
      value: 0.00000003117348
      objectReference: {fileID: 0}
    - target: {fileID: 3944027851154900872, guid: 990fa73a661aaec4e9b9bba1f31a8548,
        type: 3}
      propertyPath: m_LocalEulerAnglesHint.x
      value: 0
      objectReference: {fileID: 0}
    - target: {fileID: 3944027851154900872, guid: 990fa73a661aaec4e9b9bba1f31a8548,
        type: 3}
      propertyPath: m_LocalEulerAnglesHint.y
      value: -45
      objectReference: {fileID: 0}
    - target: {fileID: 3944027851154900872, guid: 990fa73a661aaec4e9b9bba1f31a8548,
        type: 3}
      propertyPath: m_LocalEulerAnglesHint.z
      value: 0
      objectReference: {fileID: 0}
    - target: {fileID: 4465267094566837554, guid: 990fa73a661aaec4e9b9bba1f31a8548,
        type: 3}
      propertyPath: m_Name
      value: Rock2Low (2)
      objectReference: {fileID: 0}
    m_RemovedComponents: []
  m_SourcePrefab: {fileID: 100100000, guid: 990fa73a661aaec4e9b9bba1f31a8548, type: 3}
--- !u!4 &1891461830224811948 stripped
Transform:
  m_CorrespondingSourceObject: {fileID: 3944027851154900872, guid: 990fa73a661aaec4e9b9bba1f31a8548,
    type: 3}
  m_PrefabInstance: {fileID: 3207639271957024804}
  m_PrefabAsset: {fileID: 0}
--- !u!1001 &3596038783702508905
PrefabInstance:
  m_ObjectHideFlags: 0
  serializedVersion: 2
  m_Modification:
    m_TransformParent: {fileID: 6837714269492190211}
    m_Modifications:
    - target: {fileID: 8175301279161410607, guid: 9ec1be23b312ccf418bcaed169f6fdc6,
        type: 3}
      propertyPath: m_RootOrder
      value: 5
      objectReference: {fileID: 0}
    - target: {fileID: 8175301279161410607, guid: 9ec1be23b312ccf418bcaed169f6fdc6,
        type: 3}
      propertyPath: m_LocalPosition.x
      value: -1.0299988
      objectReference: {fileID: 0}
    - target: {fileID: 8175301279161410607, guid: 9ec1be23b312ccf418bcaed169f6fdc6,
        type: 3}
      propertyPath: m_LocalPosition.y
      value: -0.23
      objectReference: {fileID: 0}
    - target: {fileID: 8175301279161410607, guid: 9ec1be23b312ccf418bcaed169f6fdc6,
        type: 3}
      propertyPath: m_LocalPosition.z
      value: -3.27
      objectReference: {fileID: 0}
    - target: {fileID: 8175301279161410607, guid: 9ec1be23b312ccf418bcaed169f6fdc6,
        type: 3}
      propertyPath: m_LocalRotation.w
      value: 0.5892496
      objectReference: {fileID: 0}
    - target: {fileID: 8175301279161410607, guid: 9ec1be23b312ccf418bcaed169f6fdc6,
        type: 3}
      propertyPath: m_LocalRotation.x
      value: -0.676005
      objectReference: {fileID: 0}
    - target: {fileID: 8175301279161410607, guid: 9ec1be23b312ccf418bcaed169f6fdc6,
        type: 3}
      propertyPath: m_LocalRotation.y
      value: -0.3588085
      objectReference: {fileID: 0}
    - target: {fileID: 8175301279161410607, guid: 9ec1be23b312ccf418bcaed169f6fdc6,
        type: 3}
      propertyPath: m_LocalRotation.z
      value: 0.25895697
      objectReference: {fileID: 0}
    - target: {fileID: 8175301279161410607, guid: 9ec1be23b312ccf418bcaed169f6fdc6,
        type: 3}
      propertyPath: m_LocalEulerAnglesHint.x
      value: -37.65
      objectReference: {fileID: 0}
    - target: {fileID: 8175301279161410607, guid: 9ec1be23b312ccf418bcaed169f6fdc6,
        type: 3}
      propertyPath: m_LocalEulerAnglesHint.y
      value: -102.506
      objectReference: {fileID: 0}
    - target: {fileID: 8175301279161410607, guid: 9ec1be23b312ccf418bcaed169f6fdc6,
        type: 3}
      propertyPath: m_LocalEulerAnglesHint.z
      value: 93.482
      objectReference: {fileID: 0}
    - target: {fileID: 8808849137329389205, guid: 9ec1be23b312ccf418bcaed169f6fdc6,
        type: 3}
      propertyPath: m_Name
      value: Rock1Low (3)
      objectReference: {fileID: 0}
    m_RemovedComponents: []
  m_SourcePrefab: {fileID: 100100000, guid: 9ec1be23b312ccf418bcaed169f6fdc6, type: 3}
--- !u!4 &4653118960079454534 stripped
Transform:
  m_CorrespondingSourceObject: {fileID: 8175301279161410607, guid: 9ec1be23b312ccf418bcaed169f6fdc6,
    type: 3}
  m_PrefabInstance: {fileID: 3596038783702508905}
  m_PrefabAsset: {fileID: 0}
--- !u!1001 &3796795690725537506
PrefabInstance:
  m_ObjectHideFlags: 0
  serializedVersion: 2
  m_Modification:
    m_TransformParent: {fileID: 6837714269492190211}
    m_Modifications:
    - target: {fileID: 3944027851154900872, guid: 990fa73a661aaec4e9b9bba1f31a8548,
        type: 3}
      propertyPath: m_RootOrder
      value: 12
      objectReference: {fileID: 0}
    - target: {fileID: 3944027851154900872, guid: 990fa73a661aaec4e9b9bba1f31a8548,
        type: 3}
      propertyPath: m_LocalScale.x
      value: 0.66159284
      objectReference: {fileID: 0}
    - target: {fileID: 3944027851154900872, guid: 990fa73a661aaec4e9b9bba1f31a8548,
        type: 3}
      propertyPath: m_LocalScale.y
      value: 0.6615928
      objectReference: {fileID: 0}
    - target: {fileID: 3944027851154900872, guid: 990fa73a661aaec4e9b9bba1f31a8548,
        type: 3}
      propertyPath: m_LocalScale.z
      value: 0.66159284
      objectReference: {fileID: 0}
    - target: {fileID: 3944027851154900872, guid: 990fa73a661aaec4e9b9bba1f31a8548,
        type: 3}
      propertyPath: m_LocalPosition.x
      value: 1.170002
      objectReference: {fileID: 0}
    - target: {fileID: 3944027851154900872, guid: 990fa73a661aaec4e9b9bba1f31a8548,
        type: 3}
      propertyPath: m_LocalPosition.y
      value: -0.089407
      objectReference: {fileID: 0}
    - target: {fileID: 3944027851154900872, guid: 990fa73a661aaec4e9b9bba1f31a8548,
        type: 3}
      propertyPath: m_LocalPosition.z
      value: -6.47
      objectReference: {fileID: 0}
    - target: {fileID: 3944027851154900872, guid: 990fa73a661aaec4e9b9bba1f31a8548,
        type: 3}
      propertyPath: m_LocalRotation.w
      value: 0.9238798
      objectReference: {fileID: 0}
    - target: {fileID: 3944027851154900872, guid: 990fa73a661aaec4e9b9bba1f31a8548,
        type: 3}
      propertyPath: m_LocalRotation.x
      value: 0.00000007525955
      objectReference: {fileID: 0}
    - target: {fileID: 3944027851154900872, guid: 990fa73a661aaec4e9b9bba1f31a8548,
        type: 3}
      propertyPath: m_LocalRotation.y
      value: -0.38268286
      objectReference: {fileID: 0}
    - target: {fileID: 3944027851154900872, guid: 990fa73a661aaec4e9b9bba1f31a8548,
        type: 3}
      propertyPath: m_LocalRotation.z
      value: 0.00000003117348
      objectReference: {fileID: 0}
    - target: {fileID: 3944027851154900872, guid: 990fa73a661aaec4e9b9bba1f31a8548,
        type: 3}
      propertyPath: m_LocalEulerAnglesHint.x
      value: 0
      objectReference: {fileID: 0}
    - target: {fileID: 3944027851154900872, guid: 990fa73a661aaec4e9b9bba1f31a8548,
        type: 3}
      propertyPath: m_LocalEulerAnglesHint.y
      value: -45
      objectReference: {fileID: 0}
    - target: {fileID: 3944027851154900872, guid: 990fa73a661aaec4e9b9bba1f31a8548,
        type: 3}
      propertyPath: m_LocalEulerAnglesHint.z
      value: 0
      objectReference: {fileID: 0}
    - target: {fileID: 4465267094566837554, guid: 990fa73a661aaec4e9b9bba1f31a8548,
        type: 3}
      propertyPath: m_Name
      value: Rock2Low (6)
      objectReference: {fileID: 0}
    m_RemovedComponents: []
  m_SourcePrefab: {fileID: 100100000, guid: 990fa73a661aaec4e9b9bba1f31a8548, type: 3}
--- !u!4 &147754568648241514 stripped
Transform:
  m_CorrespondingSourceObject: {fileID: 3944027851154900872, guid: 990fa73a661aaec4e9b9bba1f31a8548,
    type: 3}
  m_PrefabInstance: {fileID: 3796795690725537506}
  m_PrefabAsset: {fileID: 0}
--- !u!1001 &3927393774547513873
PrefabInstance:
  m_ObjectHideFlags: 0
  serializedVersion: 2
  m_Modification:
    m_TransformParent: {fileID: 6837714269492190211}
    m_Modifications:
    - target: {fileID: 3944027851154900872, guid: 990fa73a661aaec4e9b9bba1f31a8548,
        type: 3}
      propertyPath: m_RootOrder
      value: 6
      objectReference: {fileID: 0}
    - target: {fileID: 3944027851154900872, guid: 990fa73a661aaec4e9b9bba1f31a8548,
        type: 3}
      propertyPath: m_LocalScale.x
      value: 0.66159284
      objectReference: {fileID: 0}
    - target: {fileID: 3944027851154900872, guid: 990fa73a661aaec4e9b9bba1f31a8548,
        type: 3}
      propertyPath: m_LocalScale.y
      value: 0.6615928
      objectReference: {fileID: 0}
    - target: {fileID: 3944027851154900872, guid: 990fa73a661aaec4e9b9bba1f31a8548,
        type: 3}
      propertyPath: m_LocalScale.z
      value: 0.66159284
      objectReference: {fileID: 0}
    - target: {fileID: 3944027851154900872, guid: 990fa73a661aaec4e9b9bba1f31a8548,
        type: 3}
      propertyPath: m_LocalPosition.x
      value: -1.1199989
      objectReference: {fileID: 0}
    - target: {fileID: 3944027851154900872, guid: 990fa73a661aaec4e9b9bba1f31a8548,
        type: 3}
      propertyPath: m_LocalPosition.y
      value: -0.089407
      objectReference: {fileID: 0}
    - target: {fileID: 3944027851154900872, guid: 990fa73a661aaec4e9b9bba1f31a8548,
        type: 3}
      propertyPath: m_LocalPosition.z
      value: -4.2400002
      objectReference: {fileID: 0}
    - target: {fileID: 3944027851154900872, guid: 990fa73a661aaec4e9b9bba1f31a8548,
        type: 3}
      propertyPath: m_LocalRotation.w
      value: 0.9238798
      objectReference: {fileID: 0}
    - target: {fileID: 3944027851154900872, guid: 990fa73a661aaec4e9b9bba1f31a8548,
        type: 3}
      propertyPath: m_LocalRotation.x
      value: 0.00000007525955
      objectReference: {fileID: 0}
    - target: {fileID: 3944027851154900872, guid: 990fa73a661aaec4e9b9bba1f31a8548,
        type: 3}
      propertyPath: m_LocalRotation.y
      value: -0.38268286
      objectReference: {fileID: 0}
    - target: {fileID: 3944027851154900872, guid: 990fa73a661aaec4e9b9bba1f31a8548,
        type: 3}
      propertyPath: m_LocalRotation.z
      value: 0.00000003117348
      objectReference: {fileID: 0}
    - target: {fileID: 3944027851154900872, guid: 990fa73a661aaec4e9b9bba1f31a8548,
        type: 3}
      propertyPath: m_LocalEulerAnglesHint.x
      value: 0
      objectReference: {fileID: 0}
    - target: {fileID: 3944027851154900872, guid: 990fa73a661aaec4e9b9bba1f31a8548,
        type: 3}
      propertyPath: m_LocalEulerAnglesHint.y
      value: -45
      objectReference: {fileID: 0}
    - target: {fileID: 3944027851154900872, guid: 990fa73a661aaec4e9b9bba1f31a8548,
        type: 3}
      propertyPath: m_LocalEulerAnglesHint.z
      value: 0
      objectReference: {fileID: 0}
    - target: {fileID: 4465267094566837554, guid: 990fa73a661aaec4e9b9bba1f31a8548,
        type: 3}
      propertyPath: m_Name
      value: Rock2Low (3)
      objectReference: {fileID: 0}
    m_RemovedComponents: []
  m_SourcePrefab: {fileID: 100100000, guid: 990fa73a661aaec4e9b9bba1f31a8548, type: 3}
--- !u!4 &17143290099529113 stripped
Transform:
  m_CorrespondingSourceObject: {fileID: 3944027851154900872, guid: 990fa73a661aaec4e9b9bba1f31a8548,
    type: 3}
  m_PrefabInstance: {fileID: 3927393774547513873}
  m_PrefabAsset: {fileID: 0}
--- !u!1001 &4015770360501824254
PrefabInstance:
  m_ObjectHideFlags: 0
  serializedVersion: 2
  m_Modification:
    m_TransformParent: {fileID: 6837714269492190211}
    m_Modifications:
    - target: {fileID: 3944027851154900872, guid: 990fa73a661aaec4e9b9bba1f31a8548,
        type: 3}
      propertyPath: m_RootOrder
      value: 10
      objectReference: {fileID: 0}
    - target: {fileID: 3944027851154900872, guid: 990fa73a661aaec4e9b9bba1f31a8548,
        type: 3}
      propertyPath: m_LocalPosition.x
      value: 0.069999695
      objectReference: {fileID: 0}
    - target: {fileID: 3944027851154900872, guid: 990fa73a661aaec4e9b9bba1f31a8548,
        type: 3}
      propertyPath: m_LocalPosition.y
      value: -0.12899971
      objectReference: {fileID: 0}
    - target: {fileID: 3944027851154900872, guid: 990fa73a661aaec4e9b9bba1f31a8548,
        type: 3}
      propertyPath: m_LocalPosition.z
      value: -6.33
      objectReference: {fileID: 0}
    - target: {fileID: 3944027851154900872, guid: 990fa73a661aaec4e9b9bba1f31a8548,
        type: 3}
      propertyPath: m_LocalRotation.w
      value: 0.9238798
      objectReference: {fileID: 0}
    - target: {fileID: 3944027851154900872, guid: 990fa73a661aaec4e9b9bba1f31a8548,
        type: 3}
      propertyPath: m_LocalRotation.x
      value: 0.00000007525955
      objectReference: {fileID: 0}
    - target: {fileID: 3944027851154900872, guid: 990fa73a661aaec4e9b9bba1f31a8548,
        type: 3}
      propertyPath: m_LocalRotation.y
      value: -0.38268286
      objectReference: {fileID: 0}
    - target: {fileID: 3944027851154900872, guid: 990fa73a661aaec4e9b9bba1f31a8548,
        type: 3}
      propertyPath: m_LocalRotation.z
      value: 0.00000003117348
      objectReference: {fileID: 0}
    - target: {fileID: 3944027851154900872, guid: 990fa73a661aaec4e9b9bba1f31a8548,
        type: 3}
      propertyPath: m_LocalEulerAnglesHint.x
      value: 0
      objectReference: {fileID: 0}
    - target: {fileID: 3944027851154900872, guid: 990fa73a661aaec4e9b9bba1f31a8548,
        type: 3}
      propertyPath: m_LocalEulerAnglesHint.y
      value: -45
      objectReference: {fileID: 0}
    - target: {fileID: 3944027851154900872, guid: 990fa73a661aaec4e9b9bba1f31a8548,
        type: 3}
      propertyPath: m_LocalEulerAnglesHint.z
      value: 0
      objectReference: {fileID: 0}
    - target: {fileID: 4465267094566837554, guid: 990fa73a661aaec4e9b9bba1f31a8548,
        type: 3}
      propertyPath: m_Name
      value: Rock2Low (5)
      objectReference: {fileID: 0}
    m_RemovedComponents: []
  m_SourcePrefab: {fileID: 100100000, guid: 990fa73a661aaec4e9b9bba1f31a8548, type: 3}
--- !u!4 &73994602294881654 stripped
Transform:
  m_CorrespondingSourceObject: {fileID: 3944027851154900872, guid: 990fa73a661aaec4e9b9bba1f31a8548,
    type: 3}
  m_PrefabInstance: {fileID: 4015770360501824254}
  m_PrefabAsset: {fileID: 0}
--- !u!1001 &5005916356909664186
PrefabInstance:
  m_ObjectHideFlags: 0
  serializedVersion: 2
  m_Modification:
    m_TransformParent: {fileID: 6837714269492190211}
    m_Modifications:
    - target: {fileID: 8175301279161410607, guid: 9ec1be23b312ccf418bcaed169f6fdc6,
        type: 3}
      propertyPath: m_RootOrder
      value: 3
      objectReference: {fileID: 0}
    - target: {fileID: 8175301279161410607, guid: 9ec1be23b312ccf418bcaed169f6fdc6,
        type: 3}
      propertyPath: m_LocalScale.x
      value: 1.2298
      objectReference: {fileID: 0}
    - target: {fileID: 8175301279161410607, guid: 9ec1be23b312ccf418bcaed169f6fdc6,
        type: 3}
      propertyPath: m_LocalScale.y
      value: 0.83526
      objectReference: {fileID: 0}
    - target: {fileID: 8175301279161410607, guid: 9ec1be23b312ccf418bcaed169f6fdc6,
        type: 3}
      propertyPath: m_LocalScale.z
      value: 1.2298
      objectReference: {fileID: 0}
    - target: {fileID: 8175301279161410607, guid: 9ec1be23b312ccf418bcaed169f6fdc6,
        type: 3}
      propertyPath: m_LocalPosition.x
      value: -0.43885422
      objectReference: {fileID: 0}
    - target: {fileID: 8175301279161410607, guid: 9ec1be23b312ccf418bcaed169f6fdc6,
        type: 3}
      propertyPath: m_LocalPosition.y
      value: -0.33969
      objectReference: {fileID: 0}
    - target: {fileID: 8175301279161410607, guid: 9ec1be23b312ccf418bcaed169f6fdc6,
        type: 3}
      propertyPath: m_LocalPosition.z
      value: -2.393847
      objectReference: {fileID: 0}
    - target: {fileID: 8175301279161410607, guid: 9ec1be23b312ccf418bcaed169f6fdc6,
        type: 3}
      propertyPath: m_LocalRotation.w
      value: 0.000000017406611
      objectReference: {fileID: 0}
    - target: {fileID: 8175301279161410607, guid: 9ec1be23b312ccf418bcaed169f6fdc6,
        type: 3}
      propertyPath: m_LocalRotation.x
      value: 0.38268286
      objectReference: {fileID: 0}
    - target: {fileID: 8175301279161410607, guid: 9ec1be23b312ccf418bcaed169f6fdc6,
        type: 3}
      propertyPath: m_LocalRotation.y
      value: 0.00000008096199
      objectReference: {fileID: 0}
    - target: {fileID: 8175301279161410607, guid: 9ec1be23b312ccf418bcaed169f6fdc6,
        type: 3}
      propertyPath: m_LocalRotation.z
      value: -0.9238798
      objectReference: {fileID: 0}
    - target: {fileID: 8175301279161410607, guid: 9ec1be23b312ccf418bcaed169f6fdc6,
        type: 3}
      propertyPath: m_LocalEulerAnglesHint.x
      value: 0
      objectReference: {fileID: 0}
    - target: {fileID: 8175301279161410607, guid: 9ec1be23b312ccf418bcaed169f6fdc6,
        type: 3}
      propertyPath: m_LocalEulerAnglesHint.y
      value: -45
      objectReference: {fileID: 0}
    - target: {fileID: 8175301279161410607, guid: 9ec1be23b312ccf418bcaed169f6fdc6,
        type: 3}
      propertyPath: m_LocalEulerAnglesHint.z
      value: -180
      objectReference: {fileID: 0}
    - target: {fileID: 8808849137329389205, guid: 9ec1be23b312ccf418bcaed169f6fdc6,
        type: 3}
      propertyPath: m_Name
      value: Rock1Low (1)
      objectReference: {fileID: 0}
    m_RemovedComponents: []
  m_SourcePrefab: {fileID: 100100000, guid: 9ec1be23b312ccf418bcaed169f6fdc6, type: 3}
--- !u!4 &3750398245962867605 stripped
Transform:
  m_CorrespondingSourceObject: {fileID: 8175301279161410607, guid: 9ec1be23b312ccf418bcaed169f6fdc6,
    type: 3}
  m_PrefabInstance: {fileID: 5005916356909664186}
  m_PrefabAsset: {fileID: 0}
--- !u!1001 &5065898090904277476
PrefabInstance:
  m_ObjectHideFlags: 0
  serializedVersion: 2
  m_Modification:
    m_TransformParent: {fileID: 6837714269492190211}
    m_Modifications:
    - target: {fileID: 3944027851154900872, guid: 990fa73a661aaec4e9b9bba1f31a8548,
        type: 3}
      propertyPath: m_RootOrder
      value: 4
      objectReference: {fileID: 0}
    - target: {fileID: 3944027851154900872, guid: 990fa73a661aaec4e9b9bba1f31a8548,
        type: 3}
      propertyPath: m_LocalScale.x
      value: 0.59341
      objectReference: {fileID: 0}
    - target: {fileID: 3944027851154900872, guid: 990fa73a661aaec4e9b9bba1f31a8548,
        type: 3}
      propertyPath: m_LocalScale.y
      value: 0.59340996
      objectReference: {fileID: 0}
    - target: {fileID: 3944027851154900872, guid: 990fa73a661aaec4e9b9bba1f31a8548,
        type: 3}
      propertyPath: m_LocalScale.z
      value: 0.59341
      objectReference: {fileID: 0}
    - target: {fileID: 3944027851154900872, guid: 990fa73a661aaec4e9b9bba1f31a8548,
        type: 3}
      propertyPath: m_LocalPosition.x
      value: 0.3050232
      objectReference: {fileID: 0}
    - target: {fileID: 3944027851154900872, guid: 990fa73a661aaec4e9b9bba1f31a8548,
        type: 3}
      propertyPath: m_LocalPosition.y
      value: -0.09000015
      objectReference: {fileID: 0}
    - target: {fileID: 3944027851154900872, guid: 990fa73a661aaec4e9b9bba1f31a8548,
        type: 3}
      propertyPath: m_LocalPosition.z
      value: -2.7007341
      objectReference: {fileID: 0}
    - target: {fileID: 3944027851154900872, guid: 990fa73a661aaec4e9b9bba1f31a8548,
        type: 3}
      propertyPath: m_LocalRotation.w
      value: 0.9238798
      objectReference: {fileID: 0}
    - target: {fileID: 3944027851154900872, guid: 990fa73a661aaec4e9b9bba1f31a8548,
        type: 3}
      propertyPath: m_LocalRotation.x
      value: 0.00000007525955
      objectReference: {fileID: 0}
    - target: {fileID: 3944027851154900872, guid: 990fa73a661aaec4e9b9bba1f31a8548,
        type: 3}
      propertyPath: m_LocalRotation.y
      value: -0.38268286
      objectReference: {fileID: 0}
    - target: {fileID: 3944027851154900872, guid: 990fa73a661aaec4e9b9bba1f31a8548,
        type: 3}
      propertyPath: m_LocalRotation.z
      value: 0.00000003117348
      objectReference: {fileID: 0}
    - target: {fileID: 3944027851154900872, guid: 990fa73a661aaec4e9b9bba1f31a8548,
        type: 3}
      propertyPath: m_LocalEulerAnglesHint.x
      value: 0
      objectReference: {fileID: 0}
    - target: {fileID: 3944027851154900872, guid: 990fa73a661aaec4e9b9bba1f31a8548,
        type: 3}
      propertyPath: m_LocalEulerAnglesHint.y
      value: -45
      objectReference: {fileID: 0}
    - target: {fileID: 3944027851154900872, guid: 990fa73a661aaec4e9b9bba1f31a8548,
        type: 3}
      propertyPath: m_LocalEulerAnglesHint.z
      value: 0
      objectReference: {fileID: 0}
    - target: {fileID: 4465267094566837554, guid: 990fa73a661aaec4e9b9bba1f31a8548,
        type: 3}
      propertyPath: m_Name
      value: Rock2Low (1)
      objectReference: {fileID: 0}
    m_RemovedComponents: []
  m_SourcePrefab: {fileID: 100100000, guid: 990fa73a661aaec4e9b9bba1f31a8548, type: 3}
--- !u!4 &8138478511145358956 stripped
Transform:
  m_CorrespondingSourceObject: {fileID: 3944027851154900872, guid: 990fa73a661aaec4e9b9bba1f31a8548,
    type: 3}
  m_PrefabInstance: {fileID: 5065898090904277476}
  m_PrefabAsset: {fileID: 0}
--- !u!1001 &5091858109144003401
PrefabInstance:
  m_ObjectHideFlags: 0
  serializedVersion: 2
  m_Modification:
    m_TransformParent: {fileID: 6837714269492190211}
    m_Modifications:
    - target: {fileID: 8175301279161410607, guid: 9ec1be23b312ccf418bcaed169f6fdc6,
        type: 3}
      propertyPath: m_RootOrder
      value: 1
      objectReference: {fileID: 0}
    - target: {fileID: 8175301279161410607, guid: 9ec1be23b312ccf418bcaed169f6fdc6,
        type: 3}
      propertyPath: m_LocalPosition.x
      value: 0.57938385
      objectReference: {fileID: 0}
    - target: {fileID: 8175301279161410607, guid: 9ec1be23b312ccf418bcaed169f6fdc6,
        type: 3}
      propertyPath: m_LocalPosition.y
      value: -0.33099985
      objectReference: {fileID: 0}
    - target: {fileID: 8175301279161410607, guid: 9ec1be23b312ccf418bcaed169f6fdc6,
        type: 3}
      propertyPath: m_LocalPosition.z
      value: -3.3357158
      objectReference: {fileID: 0}
    - target: {fileID: 8175301279161410607, guid: 9ec1be23b312ccf418bcaed169f6fdc6,
        type: 3}
      propertyPath: m_LocalRotation.w
      value: 0.9238798
      objectReference: {fileID: 0}
    - target: {fileID: 8175301279161410607, guid: 9ec1be23b312ccf418bcaed169f6fdc6,
        type: 3}
      propertyPath: m_LocalRotation.x
      value: 0.00000007525955
      objectReference: {fileID: 0}
    - target: {fileID: 8175301279161410607, guid: 9ec1be23b312ccf418bcaed169f6fdc6,
        type: 3}
      propertyPath: m_LocalRotation.y
      value: -0.38268286
      objectReference: {fileID: 0}
    - target: {fileID: 8175301279161410607, guid: 9ec1be23b312ccf418bcaed169f6fdc6,
        type: 3}
      propertyPath: m_LocalRotation.z
      value: 0.00000003117348
      objectReference: {fileID: 0}
    - target: {fileID: 8175301279161410607, guid: 9ec1be23b312ccf418bcaed169f6fdc6,
        type: 3}
      propertyPath: m_LocalEulerAnglesHint.x
      value: 0
      objectReference: {fileID: 0}
    - target: {fileID: 8175301279161410607, guid: 9ec1be23b312ccf418bcaed169f6fdc6,
        type: 3}
      propertyPath: m_LocalEulerAnglesHint.y
      value: -45
      objectReference: {fileID: 0}
    - target: {fileID: 8175301279161410607, guid: 9ec1be23b312ccf418bcaed169f6fdc6,
        type: 3}
      propertyPath: m_LocalEulerAnglesHint.z
      value: 0
      objectReference: {fileID: 0}
    - target: {fileID: 8808849137329389205, guid: 9ec1be23b312ccf418bcaed169f6fdc6,
        type: 3}
      propertyPath: m_Name
      value: Rock1Low (2)
      objectReference: {fileID: 0}
    m_RemovedComponents: []
  m_SourcePrefab: {fileID: 100100000, guid: 9ec1be23b312ccf418bcaed169f6fdc6, type: 3}
--- !u!4 &4025488859101796198 stripped
Transform:
  m_CorrespondingSourceObject: {fileID: 8175301279161410607, guid: 9ec1be23b312ccf418bcaed169f6fdc6,
    type: 3}
  m_PrefabInstance: {fileID: 5091858109144003401}
  m_PrefabAsset: {fileID: 0}
--- !u!1001 &6498864379728870203
PrefabInstance:
  m_ObjectHideFlags: 0
  serializedVersion: 2
  m_Modification:
    m_TransformParent: {fileID: 6837714269492190211}
    m_Modifications:
    - target: {fileID: 7558121002920202196, guid: 11fd6da6b0864ad4aa7da3d5c449c041,
        type: 3}
      propertyPath: m_Name
      value: Waterfall
      objectReference: {fileID: 0}
    - target: {fileID: 7558121002920202199, guid: 11fd6da6b0864ad4aa7da3d5c449c041,
        type: 3}
      propertyPath: m_RootOrder
      value: 0
      objectReference: {fileID: 0}
    - target: {fileID: 7558121002920202199, guid: 11fd6da6b0864ad4aa7da3d5c449c041,
        type: 3}
      propertyPath: m_LocalScale.x
      value: 0.10000001
      objectReference: {fileID: 0}
    - target: {fileID: 7558121002920202199, guid: 11fd6da6b0864ad4aa7da3d5c449c041,
        type: 3}
      propertyPath: m_LocalScale.z
      value: 0.10000001
      objectReference: {fileID: 0}
    - target: {fileID: 7558121002920202199, guid: 11fd6da6b0864ad4aa7da3d5c449c041,
        type: 3}
      propertyPath: m_LocalPosition.x
      value: 0.11813736
      objectReference: {fileID: 0}
    - target: {fileID: 7558121002920202199, guid: 11fd6da6b0864ad4aa7da3d5c449c041,
        type: 3}
      propertyPath: m_LocalPosition.y
      value: 0.77
      objectReference: {fileID: 0}
    - target: {fileID: 7558121002920202199, guid: 11fd6da6b0864ad4aa7da3d5c449c041,
        type: 3}
      propertyPath: m_LocalPosition.z
      value: -4.676159
      objectReference: {fileID: 0}
    - target: {fileID: 7558121002920202199, guid: 11fd6da6b0864ad4aa7da3d5c449c041,
        type: 3}
      propertyPath: m_LocalRotation.w
      value: 0.24262467
      objectReference: {fileID: 0}
    - target: {fileID: 7558121002920202199, guid: 11fd6da6b0864ad4aa7da3d5c449c041,
        type: 3}
      propertyPath: m_LocalRotation.x
      value: -0
      objectReference: {fileID: 0}
    - target: {fileID: 7558121002920202199, guid: 11fd6da6b0864ad4aa7da3d5c449c041,
        type: 3}
      propertyPath: m_LocalRotation.y
      value: -0.97012025
      objectReference: {fileID: 0}
    - target: {fileID: 7558121002920202199, guid: 11fd6da6b0864ad4aa7da3d5c449c041,
        type: 3}
      propertyPath: m_LocalRotation.z
      value: -0
      objectReference: {fileID: 0}
    - target: {fileID: 7558121002920202199, guid: 11fd6da6b0864ad4aa7da3d5c449c041,
        type: 3}
      propertyPath: m_LocalEulerAnglesHint.x
      value: 0
      objectReference: {fileID: 0}
    - target: {fileID: 7558121002920202199, guid: 11fd6da6b0864ad4aa7da3d5c449c041,
        type: 3}
      propertyPath: m_LocalEulerAnglesHint.y
      value: -151.917
      objectReference: {fileID: 0}
    - target: {fileID: 7558121002920202199, guid: 11fd6da6b0864ad4aa7da3d5c449c041,
        type: 3}
      propertyPath: m_LocalEulerAnglesHint.z
      value: 0
      objectReference: {fileID: 0}
    m_RemovedComponents: []
  m_SourcePrefab: {fileID: 100100000, guid: 11fd6da6b0864ad4aa7da3d5c449c041, type: 3}
--- !u!4 &3662356380579788012 stripped
Transform:
  m_CorrespondingSourceObject: {fileID: 7558121002920202199, guid: 11fd6da6b0864ad4aa7da3d5c449c041,
    type: 3}
  m_PrefabInstance: {fileID: 6498864379728870203}
  m_PrefabAsset: {fileID: 0}
--- !u!1001 &7207513419384159296
PrefabInstance:
  m_ObjectHideFlags: 0
  serializedVersion: 2
  m_Modification:
    m_TransformParent: {fileID: 6837714269492190211}
    m_Modifications:
    - target: {fileID: 3944027851154900872, guid: 990fa73a661aaec4e9b9bba1f31a8548,
        type: 3}
      propertyPath: m_RootOrder
      value: 7
      objectReference: {fileID: 0}
    - target: {fileID: 3944027851154900872, guid: 990fa73a661aaec4e9b9bba1f31a8548,
        type: 3}
      propertyPath: m_LocalScale.x
      value: 0.59341
      objectReference: {fileID: 0}
    - target: {fileID: 3944027851154900872, guid: 990fa73a661aaec4e9b9bba1f31a8548,
        type: 3}
      propertyPath: m_LocalScale.y
      value: 0.5934101
      objectReference: {fileID: 0}
    - target: {fileID: 3944027851154900872, guid: 990fa73a661aaec4e9b9bba1f31a8548,
        type: 3}
      propertyPath: m_LocalScale.z
      value: 0.59341
      objectReference: {fileID: 0}
    - target: {fileID: 3944027851154900872, guid: 990fa73a661aaec4e9b9bba1f31a8548,
        type: 3}
      propertyPath: m_LocalPosition.x
      value: -1.2099991
      objectReference: {fileID: 0}
    - target: {fileID: 3944027851154900872, guid: 990fa73a661aaec4e9b9bba1f31a8548,
        type: 3}
      propertyPath: m_LocalPosition.y
      value: -0.09443915
      objectReference: {fileID: 0}
    - target: {fileID: 3944027851154900872, guid: 990fa73a661aaec4e9b9bba1f31a8548,
        type: 3}
      propertyPath: m_LocalPosition.z
      value: -4.86
      objectReference: {fileID: 0}
    - target: {fileID: 3944027851154900872, guid: 990fa73a661aaec4e9b9bba1f31a8548,
        type: 3}
      propertyPath: m_LocalRotation.w
      value: 0.7276026
      objectReference: {fileID: 0}
    - target: {fileID: 3944027851154900872, guid: 990fa73a661aaec4e9b9bba1f31a8548,
        type: 3}
      propertyPath: m_LocalRotation.x
      value: 0.64290845
      objectReference: {fileID: 0}
    - target: {fileID: 3944027851154900872, guid: 990fa73a661aaec4e9b9bba1f31a8548,
        type: 3}
      propertyPath: m_LocalRotation.y
      value: -0.21864888
      objectReference: {fileID: 0}
    - target: {fileID: 3944027851154900872, guid: 990fa73a661aaec4e9b9bba1f31a8548,
        type: 3}
      propertyPath: m_LocalRotation.z
      value: 0.09724171
      objectReference: {fileID: 0}
    - target: {fileID: 3944027851154900872, guid: 990fa73a661aaec4e9b9bba1f31a8548,
        type: 3}
      propertyPath: m_LocalEulerAnglesHint.x
      value: 77.983
      objectReference: {fileID: 0}
    - target: {fileID: 3944027851154900872, guid: 990fa73a661aaec4e9b9bba1f31a8548,
        type: 3}
      propertyPath: m_LocalEulerAnglesHint.y
      value: -68.08
      objectReference: {fileID: 0}
    - target: {fileID: 3944027851154900872, guid: 990fa73a661aaec4e9b9bba1f31a8548,
        type: 3}
      propertyPath: m_LocalEulerAnglesHint.z
      value: -42.121
      objectReference: {fileID: 0}
    - target: {fileID: 4465267094566837554, guid: 990fa73a661aaec4e9b9bba1f31a8548,
        type: 3}
      propertyPath: m_Name
      value: Rock2Low (4)
      objectReference: {fileID: 0}
    m_RemovedComponents: []
  m_SourcePrefab: {fileID: 100100000, guid: 990fa73a661aaec4e9b9bba1f31a8548, type: 3}
--- !u!4 &5961142115736304584 stripped
Transform:
  m_CorrespondingSourceObject: {fileID: 3944027851154900872, guid: 990fa73a661aaec4e9b9bba1f31a8548,
    type: 3}
  m_PrefabInstance: {fileID: 7207513419384159296}
  m_PrefabAsset: {fileID: 0}
--- !u!1001 &8728846424681371147
PrefabInstance:
  m_ObjectHideFlags: 0
  serializedVersion: 2
  m_Modification:
    m_TransformParent: {fileID: 6837714269492190211}
    m_Modifications:
    - target: {fileID: 8175301279161410607, guid: 9ec1be23b312ccf418bcaed169f6fdc6,
        type: 3}
      propertyPath: m_RootOrder
      value: 9
      objectReference: {fileID: 0}
    - target: {fileID: 8175301279161410607, guid: 9ec1be23b312ccf418bcaed169f6fdc6,
        type: 3}
      propertyPath: m_LocalScale.x
      value: 0.77019
      objectReference: {fileID: 0}
    - target: {fileID: 8175301279161410607, guid: 9ec1be23b312ccf418bcaed169f6fdc6,
        type: 3}
      propertyPath: m_LocalScale.y
      value: 0.77019
      objectReference: {fileID: 0}
    - target: {fileID: 8175301279161410607, guid: 9ec1be23b312ccf418bcaed169f6fdc6,
        type: 3}
      propertyPath: m_LocalScale.z
      value: 0.77019
      objectReference: {fileID: 0}
    - target: {fileID: 8175301279161410607, guid: 9ec1be23b312ccf418bcaed169f6fdc6,
        type: 3}
      propertyPath: m_LocalPosition.x
      value: -1.1305008
      objectReference: {fileID: 0}
    - target: {fileID: 8175301279161410607, guid: 9ec1be23b312ccf418bcaed169f6fdc6,
        type: 3}
      propertyPath: m_LocalPosition.y
      value: -0.19
      objectReference: {fileID: 0}
    - target: {fileID: 8175301279161410607, guid: 9ec1be23b312ccf418bcaed169f6fdc6,
        type: 3}
      propertyPath: m_LocalPosition.z
      value: -5.6437616
      objectReference: {fileID: 0}
    - target: {fileID: 8175301279161410607, guid: 9ec1be23b312ccf418bcaed169f6fdc6,
        type: 3}
      propertyPath: m_LocalRotation.w
      value: -0.562372
      objectReference: {fileID: 0}
    - target: {fileID: 8175301279161410607, guid: 9ec1be23b312ccf418bcaed169f6fdc6,
        type: 3}
      propertyPath: m_LocalRotation.x
      value: -0.7093175
      objectReference: {fileID: 0}
    - target: {fileID: 8175301279161410607, guid: 9ec1be23b312ccf418bcaed169f6fdc6,
        type: 3}
      propertyPath: m_LocalRotation.y
      value: 0.42458528
      objectReference: {fileID: 0}
    - target: {fileID: 8175301279161410607, guid: 9ec1be23b312ccf418bcaed169f6fdc6,
        type: 3}
      propertyPath: m_LocalRotation.z
      value: -0.01826821
      objectReference: {fileID: 0}
    - target: {fileID: 8175301279161410607, guid: 9ec1be23b312ccf418bcaed169f6fdc6,
        type: 3}
      propertyPath: m_LocalEulerAnglesHint.x
      value: 54.421
      objectReference: {fileID: 0}
    - target: {fileID: 8175301279161410607, guid: 9ec1be23b312ccf418bcaed169f6fdc6,
        type: 3}
      propertyPath: m_LocalEulerAnglesHint.y
      value: -129.083
      objectReference: {fileID: 0}
    - target: {fileID: 8175301279161410607, guid: 9ec1be23b312ccf418bcaed169f6fdc6,
        type: 3}
      propertyPath: m_LocalEulerAnglesHint.z
      value: 269.318
      objectReference: {fileID: 0}
    - target: {fileID: 8808849137329389205, guid: 9ec1be23b312ccf418bcaed169f6fdc6,
        type: 3}
      propertyPath: m_Name
      value: Rock1Low (5)
      objectReference: {fileID: 0}
    m_RemovedComponents: []
  m_SourcePrefab: {fileID: 100100000, guid: 9ec1be23b312ccf418bcaed169f6fdc6, type: 3}
--- !u!4 &601114695895888420 stripped
Transform:
  m_CorrespondingSourceObject: {fileID: 8175301279161410607, guid: 9ec1be23b312ccf418bcaed169f6fdc6,
    type: 3}
  m_PrefabInstance: {fileID: 8728846424681371147}
  m_PrefabAsset: {fileID: 0}
